<?xml version="1.0" encoding="UTF-8"?>
<!DOCTYPE html PUBLIC "-//W3C//DTD XHTML 1.0 Transitional//EN"
    "http://www.w3.org/TR/xhtml1/DTD/xhtml1-transitional.dtd">
<html xmlns="http://www.w3.org/1999/xhtml" xml:lang="en" lang="en">
 <head>
  <title>
</title>
<meta http-equiv="Content-Type" content="text/html;charset=utf-8" />
  <meta name='ocr-system' content='tesseract 3.04.00' />
  <meta name='ocr-capabilities' content='ocr_page ocr_carea ocr_par ocr_line ocrx_word'/>
</head>
<body>
  <div class='ocr_page' id='page_1' title='image "./deadamobremensi00berngoog_0085.png"; bbox 0 0 3609 5675; ppageno 0'>
   <div class='ocr_carea' id='block_1_1' title="bbox 0 0 833 204">
    <p class='ocr_par' dir='ltr' id='par_1_1' title="bbox 0 0 833 204">
     <span class='ocr_line' id='line_1_1' title="bbox 0 0 833 204; baseline 0 5471"><span class='ocrx_word' id='word_1_1' title='bbox 0 0 833 204; x_wconf 95' lang='lat' dir='ltr'> </span> 
     </span>
    </p>
   </div>
   <div class='ocr_carea' id='block_1_2' title="bbox 448 624 3029 3180">
    <p class='ocr_par' dir='ltr' id='par_1_2' title="bbox 454 624 3019 981">
     <span class='ocr_line' id='line_1_2' title="bbox 1579 624 1901 688; baseline -0.031 -2"><span class='ocrx_word' id='word_1_2' title='bbox 1579 661 1658 672; x_wconf 91' lang='lat'>--</span> <span class='ocrx_word' id='word_1_3' title='bbox 1699 624 1776 688; x_wconf 84' lang='lat'>69</span> <span class='ocrx_word' id='word_1_4' title='bbox 1820 660 1901 675; x_wconf 79' lang='grc'>...-</span> 
     </span>
     <span class='ocr_line' id='line_1_3' title="bbox 454 774 3019 868; baseline 0 -24"><span class='ocrx_word' id='word_1_5' title='bbox 454 777 804 844; x_wconf 83' lang='lat' dir='ltr'>Saxonem</span> <span class='ocrx_word' id='word_1_6' title='bbox 860 798 1202 868; x_wconf 90' lang='lat' dir='ltr'>opponere</span> <span class='ocrx_word' id='word_1_7' title='bbox 1259 776 1631 868; x_wconf 88' lang='lat' dir='ltr'>possimus,</span> <span class='ocrx_word' id='word_1_8' title='bbox 1700 777 1818 868; x_wconf 91' lang='lat' dir='ltr'>qui</span> <span class='ocrx_word' id='word_1_9' title='bbox 1886 776 2351 868; x_wconf 87' lang='lat' dir='ltr'>quadraginta</span> <span class='ocrx_word' id='word_1_10' title='bbox 2392 785 2550 846; x_wconf 88' lang='lat' dir='ltr'>ante</span> <span class='ocrx_word' id='word_1_11' title='bbox 2605 796 2765 843; x_wconf 89' lang='lat' dir='ltr'>eum</span> <span class='ocrx_word' id='word_1_12' title='bbox 2818 774 3019 846; x_wconf 79' lang='lat' dir='ltr'>annis</span> 
     </span>
     <span class='ocr_line' id='line_1_4' title="bbox 457 890 2661 981; baseline 0.001 -24"><span class='ocrx_word' id='word_1_13' title='bbox 457 891 755 981; x_wconf 81' lang='lat' dir='ltr'><strong>scripsit,</strong></span> <span class='ocrx_word' id='word_1_14' title='bbox 791 897 859 959; x_wconf 90' lang='lat' dir='ltr'>et</span> <span class='ocrx_word' id='word_1_15' title='bbox 894 891 1277 981; x_wconf 90' lang='lat' dir='ltr'>suspiciosa</span> <span class='ocrx_word' id='word_1_16' title='bbox 1310 890 1552 959; x_wconf 87' lang='lat' dir='ltr'>Adami</span> <span class='ocrx_word' id='word_1_17' title='bbox 1593 892 1746 960; x_wconf 91' lang='lat' dir='ltr'>loca</span> <span class='ocrx_word' id='word_1_18' title='bbox 1780 892 2169 960; x_wconf 82' lang='lat' dir='ltr'>exscribere</span> <span class='ocrx_word' id='word_1_19' title='bbox 2197 914 2336 960; x_wconf 90' lang='lat' dir='ltr'>non</span> <span class='ocrx_word' id='word_1_20' title='bbox 2370 890 2661 959; x_wconf 88' lang='lat' dir='ltr'>dubitat.</span> 
     </span>
    </p>

    <p class='ocr_par' dir='ltr' id='par_1_3' title="bbox 454 1004 3028 2139">
     <span class='ocr_line' id='line_1_5' title="bbox 547 1004 3022 1099; baseline -0.001 -25"><span class='ocrx_word' id='word_1_21' title='bbox 547 1008 627 1074; x_wconf 94' lang='lat' dir='ltr'>In</span> <span class='ocrx_word' id='word_1_22' title='bbox 682 1007 970 1076; x_wconf 82' lang='lat' dir='ltr'>Oddarae</span> <span class='ocrx_word' id='word_1_23' title='bbox 1021 1007 1232 1099; x_wconf 85' lang='lat' dir='ltr'>igitur</span> <span class='ocrx_word' id='word_1_24' title='bbox 1288 1007 1464 1075; x_wconf 89' lang='lat' dir='ltr'>ostio</span> <span class='ocrx_word' id='word_1_25' title='bbox 1515 1008 1647 1076; x_wconf 88' lang='lat' dir='ltr'>sita</span> <span class='ocrx_word' id='word_1_26' title='bbox 1694 1016 1797 1075; x_wconf 92' lang='lat' dir='ltr'>est</span> <span class='ocrx_word' id='word_1_27' title='bbox 1848 1007 2279 1076; x_wconf 88' lang='lat' dir='ltr'>nobilissima</span> <span class='ocrx_word' id='word_1_28' title='bbox 2323 1007 2560 1075; x_wconf 89' lang='lat' dir='ltr'>civitas</span> <span class='ocrx_word' id='word_1_29' title='bbox 2618 1009 2879 1089; x_wconf 87' lang='lat' dir='ltr'>Iumne,</span> <span class='ocrx_word' id='word_1_30' title='bbox 2938 1004 3022 1072; x_wconf 86' lang='lat' dir='ltr'>de</span> 
     </span>
     <span class='ocr_line' id='line_1_6' title="bbox 458 1121 3025 1214; baseline -0.001 -24"><span class='ocrx_word' id='word_1_31' title='bbox 458 1145 597 1213; x_wconf 86' lang='lat' dir='ltr'>qua</span> <span class='ocrx_word' id='word_1_32' title='bbox 643 1123 989 1192; x_wconf 86' lang='lat' dir='ltr'>mirabilia</span> <span class='ocrx_word' id='word_1_33' title='bbox 1047 1129 1286 1191; x_wconf 87' lang='lat' dir='ltr'>narrat</span> <span class='ocrx_word' id='word_1_34' title='bbox 1357 1123 1732 1192; x_wconf 81' lang='lat' dir='ltr'>Adamus¹.</span> <span class='ocrx_word' id='word_1_35' title='bbox 1796 1152 1828 1185; x_wconf 92' lang='lat'>«</span> <span class='ocrx_word' id='word_1_36' title='bbox 1899 1127 1961 1192; x_wconf 95' lang='lat' dir='ltr'>A</span> <span class='ocrx_word' id='word_1_37' title='bbox 2030 1124 2307 1192; x_wconf 86' lang='lat' dir='ltr'>civitate</span> <span class='ocrx_word' id='word_1_38' title='bbox 2364 1123 2653 1205; x_wconf 90' lang='lat' dir='ltr'>Dimine,</span> <span class='ocrx_word' id='word_1_39' title='bbox 2732 1146 2881 1214; x_wconf 63' lang='lat' dir='ltr'>quae</span> <span class='ocrx_word' id='word_1_40' title='bbox 2937 1121 3025 1188; x_wconf 89' lang='lat' dir='ltr'>ad</span> 
     </span>
     <span class='ocr_line' id='line_1_7' title="bbox 455 1238 3027 1331; baseline 0.001 -27"><span class='ocrx_word' id='word_1_41' title='bbox 455 1239 716 1306; x_wconf 90' lang='lat' dir='ltr'>ostium</span> <span class='ocrx_word' id='word_1_42' title='bbox 768 1238 1072 1307; x_wconf 89' lang='lat' dir='ltr'>fluminis</span> <span class='ocrx_word' id='word_1_43' title='bbox 1133 1239 1344 1307; x_wconf 91' lang='lat' dir='ltr'>Panis</span> <span class='ocrx_word' id='word_1_44' title='bbox 1398 1249 1526 1320; x_wconf 90' lang='lat' dir='ltr'>est,</span> <span class='ocrx_word' id='word_1_45' title='bbox 1601 1263 1844 1331; x_wconf 90' lang='lat' dir='ltr'>parum</span> <span class='ocrx_word' id='word_1_46' title='bbox 1912 1240 2151 1325; x_wconf 88' lang='lat' dir='ltr'>distat;</span> <span class='ocrx_word' id='word_1_47' title='bbox 2229 1238 2311 1308; x_wconf 86' lang='lat' dir='ltr'>ab</span> <span class='ocrx_word' id='word_1_48' title='bbox 2387 1240 2863 1330; x_wconf 85' lang='lat' dir='ltr'>Hammaburg</span> <span class='ocrx_word' id='word_1_49' title='bbox 2915 1239 3027 1308; x_wconf 85' lang='lat' dir='ltr'>vel</span> 
     </span>
     <span class='ocr_line' id='line_1_8' title="bbox 456 1354 3021 1446; baseline 0.001 -26"><span class='ocrx_word' id='word_1_50' title='bbox 456 1354 544 1440; x_wconf 89' lang='lat' dir='ltr'>ab</span> <span class='ocrx_word' id='word_1_51' title='bbox 583 1354 789 1421; x_wconf 94' lang='lat' dir='ltr'>Albia</span> <span class='ocrx_word' id='word_1_52' title='bbox 831 1354 1114 1422; x_wconf 88' lang='lat' dir='ltr'>flumine</span> <span class='ocrx_word' id='word_1_53' title='bbox 1160 1355 1454 1445; x_wconf 84' lang='lat' dir='ltr'>septimo</span> <span class='ocrx_word' id='word_1_54' title='bbox 1495 1355 1602 1422; x_wconf 89' lang='lat' dir='ltr'>die</span> <span class='ocrx_word' id='word_1_55' title='bbox 1636 1354 2036 1446; x_wconf 88' lang='lat' dir='ltr'>pervenitur</span> <span class='ocrx_word' id='word_1_56' title='bbox 2075 1354 2161 1423; x_wconf 86' lang='lat' dir='ltr'>ad</span> <span class='ocrx_word' id='word_1_57' title='bbox 2201 1356 2519 1422; x_wconf 90' lang='lat' dir='ltr'>Iumnem</span> <span class='ocrx_word' id='word_1_58' title='bbox 2564 1377 2685 1444; x_wconf 90' lang='lat' dir='ltr'>per</span> <span class='ocrx_word' id='word_1_59' title='bbox 2732 1360 3021 1439; x_wconf 85' lang='lat' dir='ltr'>terram;</span> 
     </span>
     <span class='ocr_line' id='line_1_9' title="bbox 455 1470 3028 1562; baseline -0 -25"><span class='ocrx_word' id='word_1_60' title='bbox 455 1493 619 1537; x_wconf 90' lang='lat' dir='ltr'>nam</span> <span class='ocrx_word' id='word_1_61' title='bbox 657 1493 778 1560; x_wconf 92' lang='lat' dir='ltr'>per</span> <span class='ocrx_word' id='word_1_62' title='bbox 802 1492 991 1556; x_wconf 88' lang='lat' dir='ltr'>mare</span> <span class='ocrx_word' id='word_1_63' title='bbox 1026 1470 1273 1538; x_wconf 89' lang='lat' dir='ltr'>navim·</span> <span class='ocrx_word' id='word_1_64' title='bbox 1299 1471 1567 1560; x_wconf 84' lang='lat' dir='ltr'>ingredi</span> <span class='ocrx_word' id='word_1_65' title='bbox 1596 1477 1868 1562; x_wconf 85' lang='lat' dir='ltr'>oportet</span> <span class='ocrx_word' id='word_1_66' title='bbox 1911 1470 1996 1538; x_wconf 92' lang='lat' dir='ltr'>ab</span> <span class='ocrx_word' id='word_1_67' title='bbox 2027 1471 2344 1560; x_wconf 87' lang='lat' dir='ltr'>Sliaswig</span> <span class='ocrx_word' id='word_1_68' title='bbox 2381 1470 2490 1537; x_wconf 90' lang='lat' dir='ltr'>vel</span> <span class='ocrx_word' id='word_1_69' title='bbox 2526 1470 2912 1560; x_wconf 85' lang='lat' dir='ltr'>Aldinburg</span> <span class='ocrx_word' id='word_1_70' title='bbox 2949 1478 3028 1537; x_wconf 92' lang='lat' dir='ltr'>ut</span> 
     </span>
     <span class='ocr_line' id='line_1_10' title="bbox 454 1584 3026 1676; baseline 0.001 -25"><span class='ocrx_word' id='word_1_71' title='bbox 454 1584 896 1675; x_wconf 89' lang='lat' dir='ltr'>perveniatur</span> <span class='ocrx_word' id='word_1_72' title='bbox 927 1586 1011 1653; x_wconf 90' lang='lat' dir='ltr'>ad</span> <span class='ocrx_word' id='word_1_73' title='bbox 1036 1586 1286 1653; x_wconf 91' lang='lat' dir='ltr'>Iumne.</span> <span class='ocrx_word' id='word_1_74' title='bbox 1319 1614 1353 1649; x_wconf 91' lang='lat'>»</span> <span class='ocrx_word' id='word_1_75' title='bbox 1393 1585 1506 1674; x_wconf 95' lang='lat' dir='ltr'>(II,</span> <span class='ocrx_word' id='word_1_76' title='bbox 1554 1588 1680 1673; x_wconf 77' lang='lat'>19).</span> <span class='ocrx_word' id='word_1_77' title='bbox 1727 1585 1992 1654; x_wconf 81' lang='lat' dir='ltr'>Exinde</span> <span class='ocrx_word' id='word_1_78' title='bbox 2029 1586 2235 1653; x_wconf 87' lang='lat' dir='ltr'>etiam</span> <span class='ocrx_word' id='word_1_79' title='bbox 2270 1614 2302 1648; x_wconf 93' lang='lat'>«</span> <span class='ocrx_word' id='word_1_80' title='bbox 2351 1608 2471 1676; x_wconf 90' lang='lat' dir='ltr'>per</span> <span class='ocrx_word' id='word_1_81' title='bbox 2506 1607 2696 1652; x_wconf 89' lang='lat' dir='ltr'>mare</span> <span class='ocrx_word' id='word_1_82' title='bbox 2755 1585 2894 1652; x_wconf 89' lang='lat' dir='ltr'>itur</span> <span class='ocrx_word' id='word_1_83' title='bbox 2936 1586 3026 1654; x_wconf 84' lang='lat' dir='ltr'>ad</span> 
     </span>
     <span class='ocr_line' id='line_1_11' title="bbox 458 1699 3028 1793; baseline 0 -26"><span class='ocrx_word' id='word_1_84' title='bbox 458 1699 783 1768; x_wconf 87' lang='lat' dir='ltr'>Semland</span> <span class='ocrx_word' id='word_1_85' title='bbox 839 1701 1292 1792; x_wconf 88' lang='lat' dir='ltr'>provinciam,</span> <span class='ocrx_word' id='word_1_86' title='bbox 1357 1723 1565 1792; x_wconf 90' lang='lat' dir='ltr'>quam</span> <span class='ocrx_word' id='word_1_87' title='bbox 1629 1702 1985 1793; x_wconf 87' lang='lat' dir='ltr'>possident</span> <span class='ocrx_word' id='word_1_88' title='bbox 2035 1702 2295 1785; x_wconf 89' lang='lat' dir='ltr'>Pruzzi,</span> <span class='ocrx_word' id='word_1_89' title='bbox 2369 1710 2435 1769; x_wconf 91' lang='lat' dir='ltr'>et</span> <span class='ocrx_word' id='word_1_90' title='bbox 2499 1701 2586 1768; x_wconf 91' lang='lat' dir='ltr'>ad</span> <span class='ocrx_word' id='word_1_91' title='bbox 2650 1700 3028 1790; x_wconf 87' lang='lat' dir='ltr'>Ostrogard</span> 
     </span>
     <span class='ocr_line' id='line_1_12' title="bbox 456 1816 3022 1908; baseline 0 -26"><span class='ocrx_word' id='word_1_92' title='bbox 456 1816 748 1899; x_wconf 87' lang='lat' dir='ltr'>Russiae,</span> <span class='ocrx_word' id='word_1_93' title='bbox 820 1817 907 1884; x_wconf 91' lang='lat' dir='ltr'>ad</span> <span class='ocrx_word' id='word_1_94' title='bbox 966 1839 1176 1907; x_wconf 90' lang='lat' dir='ltr'>quam</span> <span class='ocrx_word' id='word_1_95' title='bbox 1222 1817 1375 1885; x_wconf 89' lang='lat' dir='ltr'>vela</span> <span class='ocrx_word' id='word_1_96' title='bbox 1429 1817 1712 1886; x_wconf 88' lang='lat' dir='ltr'>tendens</span> <span class='ocrx_word' id='word_1_97' title='bbox 1771 1826 2016 1908; x_wconf 86' lang='lat' dir='ltr'>quarto</span> <span class='ocrx_word' id='word_1_98' title='bbox 2078 1817 2349 1886; x_wconf 89' lang='lat' dir='ltr'>decimo</span> <span class='ocrx_word' id='word_1_99' title='bbox 2403 1816 2513 1884; x_wconf 93' lang='lat' dir='ltr'>die</span> <span class='ocrx_word' id='word_1_100' title='bbox 2562 1816 2913 1884; x_wconf 81' lang='lat' dir='ltr'>ascendes.</span> <span class='ocrx_word' id='word_1_101' title='bbox 2989 1844 3022 1882; x_wconf 88' lang='lat'>»</span> 
     </span>
     <span class='ocr_line' id='line_1_13' title="bbox 456 1931 3025 2023; baseline 0 -25"><span class='ocrx_word' id='word_1_102' title='bbox 456 1932 852 2022; x_wconf 86' lang='lat' dir='ltr'>Trajectum</span> <span class='ocrx_word' id='word_1_103' title='bbox 891 1932 976 2000; x_wconf 90' lang='lat' dir='ltr'>ad</span> <span class='ocrx_word' id='word_1_104' title='bbox 1006 1932 1355 2001; x_wconf 87' lang='lat' dir='ltr'>Diminem</span> <span class='ocrx_word' id='word_1_105' title='bbox 1401 1960 1434 1994; x_wconf 95' lang='lat'>«</span> <span class='ocrx_word' id='word_1_106' title='bbox 1475 1933 1667 2002; x_wconf 90' lang='lat' dir='ltr'>brevi</span> <span class='ocrx_word' id='word_1_107' title='bbox 1702 1932 1995 2023; x_wconf 88' lang='lat' dir='ltr'>remigio</span> <span class='ocrx_word' id='word_1_108' title='bbox 2032 1962 2064 1995; x_wconf 93' lang='lat'>»</span> <span class='ocrx_word' id='word_1_109' title='bbox 2116 1933 2287 2016; x_wconf 88' lang='lat' dir='ltr'>fieri,</span> <span class='ocrx_word' id='word_1_110' title='bbox 2326 1932 2412 2000; x_wconf 89' lang='lat' dir='ltr'>ad</span> <span class='ocrx_word' id='word_1_111' title='bbox 2440 1931 2820 2020; x_wconf 76' lang='lat' dir='ltr'>ostrogard</span> <span class='ocrx_word' id='word_1_112' title='bbox 2857 1953 3025 2000; x_wconf 88' lang='lat' dir='ltr'>vero</span> 
     </span>
     <span class='ocr_line' id='line_1_14' title="bbox 463 2047 2001 2139; baseline 0.005 -31"><span class='ocrx_word' id='word_1_113' title='bbox 463 2074 495 2108; x_wconf 84' lang='lat'>«</span> <span class='ocrx_word' id='word_1_114' title='bbox 540 2048 692 2115; x_wconf 89' lang='lat' dir='ltr'>vela</span> <span class='ocrx_word' id='word_1_115' title='bbox 724 2047 1066 2115; x_wconf 88' lang='lat' dir='ltr'>tendendo</span> <span class='ocrx_word' id='word_1_116' title='bbox 1104 2076 1137 2111; x_wconf 90' lang='lat'>»</span> <span class='ocrx_word' id='word_1_117' title='bbox 1172 2071 1492 2139; x_wconf 86' lang='lat' dir='ltr'>expresse</span> <span class='ocrx_word' id='word_1_118' title='bbox 1530 2048 1702 2116; x_wconf 81' lang='lat' dir='ltr'>dixit</span> <span class='ocrx_word' id='word_1_119' title='bbox 1742 2059 2001 2117; x_wconf 86' lang='lat' dir='ltr'>noster.</span> 
     </span>
    </p>

    <p class='ocr_par' dir='ltr' id='par_1_4' title="bbox 448 2162 3029 3055">
     <span class='ocr_line' id='line_1_15' title="bbox 552 2162 3029 2255; baseline 0 -25"><span class='ocrx_word' id='word_1_120' title='bbox 552 2164 642 2230; x_wconf 90' lang='lat' dir='ltr'>At</span> <span class='ocrx_word' id='word_1_121' title='bbox 674 2162 958 2232; x_wconf 79' lang='lat' dir='ltr'>ubinam</span> <span class='ocrx_word' id='word_1_122' title='bbox 981 2164 1185 2231; x_wconf 86' lang='lat' dir='ltr'>fuerit</span> <span class='ocrx_word' id='word_1_123' title='bbox 1212 2165 1331 2232; x_wconf 84' lang='lat' dir='ltr'>illa</span> <span class='ocrx_word' id='word_1_124' title='bbox 1357 2164 1600 2232; x_wconf 89' lang='lat' dir='ltr'>civitas</span> <span class='ocrx_word' id='word_1_125' title='bbox 1631 2164 1873 2232; x_wconf 89' lang='lat' dir='ltr'>Iumne</span> <span class='ocrx_word' id='word_1_126' title='bbox 1904 2164 1986 2232; x_wconf 90' lang='lat' dir='ltr'>ab</span> <span class='ocrx_word' id='word_1_127' title='bbox 2014 2164 2283 2231; x_wconf 89' lang='lat' dir='ltr'>Adamo</span> <span class='ocrx_word' id='word_1_128' title='bbox 2320 2164 2575 2255; x_wconf 80' lang='lat' dir='ltr'>saepius</span> <span class='ocrx_word' id='word_1_129' title='bbox 2603 2184 3029 2231; x_wconf 80' lang='lat' dir='ltr'>commemo-</span> 
     </span>
     <span class='ocr_line' id='line_1_16' title="bbox 461 2278 3019 2371; baseline 0 -26"><span class='ocrx_word' id='word_1_130' title='bbox 461 2285 612 2346; x_wconf 84' lang='lat' dir='ltr'>rata</span> <span class='ocrx_word' id='word_1_131' title='bbox 646 2278 874 2346; x_wconf 87' lang='lat' dir='ltr'>adhuc</span> <span class='ocrx_word' id='word_1_132' title='bbox 924 2279 1211 2347; x_wconf 90' lang='lat' dir='ltr'>dubium</span> <span class='ocrx_word' id='word_1_133' title='bbox 1254 2286 1359 2346; x_wconf 89' lang='lat' dir='ltr'>est</span> <span class='ocrx_word' id='word_1_134' title='bbox 1403 2285 1471 2346; x_wconf 87' lang='lat' dir='ltr'>et</span> <span class='ocrx_word' id='word_1_135' title='bbox 1515 2280 1586 2346; x_wconf 92' lang='lat' dir='ltr'>in</span> <span class='ocrx_word' id='word_1_136' title='bbox 1627 2279 1956 2370; x_wconf 89' lang='lat' dir='ltr'>ambiguo</span> <span class='ocrx_word' id='word_1_137' title='bbox 1986 2280 2309 2371; x_wconf 88' lang='lat' dir='ltr'>positum.</span> <span class='ocrx_word' id='word_1_138' title='bbox 2353 2280 2437 2347; x_wconf 89' lang='lat' dir='ltr'>In</span> <span class='ocrx_word' id='word_1_139' title='bbox 2477 2280 2609 2349; x_wconf 91' lang='lat' dir='ltr'>hac</span> <span class='ocrx_word' id='word_1_140' title='bbox 2644 2278 3019 2369; x_wconf 61' lang='lat' dir='ltr'>quaestione</span> 
     </span>
     <span class='ocr_line' id='line_1_17' title="bbox 464 2393 3017 2484; baseline 0 -24"><span class='ocrx_word' id='word_1_141' title='bbox 464 2394 874 2461; x_wconf 89' lang='lat' dir='ltr'>elucidanda</span> <span class='ocrx_word' id='word_1_142' title='bbox 916 2394 1217 2462; x_wconf 90' lang='lat' dir='ltr'>multum</span> <span class='ocrx_word' id='word_1_143' title='bbox 1255 2394 1673 2463; x_wconf 80' lang='lat' dir='ltr'>insudarunt</span> <span class='ocrx_word' id='word_1_144' title='bbox 1711 2393 1965 2463; x_wconf 89' lang='lat' dir='ltr'>eruditi</span> <span class='ocrx_word' id='word_1_145' title='bbox 2018 2405 2084 2463; x_wconf 92' lang='lat' dir='ltr'>et</span> <span class='ocrx_word' id='word_1_146' title='bbox 2126 2394 2582 2484; x_wconf 86' lang='lat' dir='ltr'>archeologiae</span> <span class='ocrx_word' id='word_1_147' title='bbox 2628 2394 2829 2484; x_wconf 89' lang='lat' dir='ltr'>periti</span> <span class='ocrx_word' id='word_1_148' title='bbox 2864 2393 3017 2461; x_wconf 89' lang='lat' dir='ltr'>viri.</span> 
     </span>
     <span class='ocr_line' id='line_1_18' title="bbox 460 2509 3019 2601; baseline 0 -25"><span class='ocrx_word' id='word_1_149' title='bbox 460 2510 843 2578; x_wconf 86' lang='lat' dir='ltr'>Helmodus</span> <span class='ocrx_word' id='word_1_150' title='bbox 907 2510 988 2600; x_wconf 90' lang='grc' dir='ltr'>(Ι,</span> <span class='ocrx_word' id='word_1_151' title='bbox 1057 2512 1121 2600; x_wconf 87' lang='grc'>2)</span> <span class='ocrx_word' id='word_1_152' title='bbox 1180 2511 1372 2577; x_wconf 87' lang='lat' dir='ltr'>illam</span> <span class='ocrx_word' id='word_1_153' title='bbox 1433 2510 1810 2595; x_wconf 88' lang='lat' dir='ltr'>civitatem,</span> <span class='ocrx_word' id='word_1_154' title='bbox 1865 2514 2066 2601; x_wconf 82' lang='lat' dir='ltr'>juxta</span> <span class='ocrx_word' id='word_1_155' title='bbox 2132 2509 2469 2601; x_wconf 85' lang='lat' dir='ltr'>optimam</span> <span class='ocrx_word' id='word_1_156' title='bbox 2521 2509 3019 2594; x_wconf 81' lang='lat' dir='ltr'>recensionem,</span> 
     </span>
     <span class='ocr_line' id='line_1_19' title="bbox 454 2624 3026 2715; baseline 0 -23"><span class='ocrx_word' id='word_1_157' title='bbox 454 2625 494 2692; x_wconf 84' lang='lat' dir='ltr'>J</span> <span class='ocrx_word' id='word_1_158' title='bbox 504 2632 856 2694; x_wconf 89' lang='lat' dir='ltr'>umnetam</span> <span class='ocrx_word' id='word_1_159' title='bbox 894 2634 1130 2706; x_wconf 89' lang='lat' dir='ltr'>vocat;</span> <span class='ocrx_word' id='word_1_160' title='bbox 1175 2647 1328 2715; x_wconf 83' lang='lat' dir='ltr'>quae</span> <span class='ocrx_word' id='word_1_161' title='bbox 1368 2645 1506 2693; x_wconf 88' lang='lat' dir='ltr'>una</span> <span class='ocrx_word' id='word_1_162' title='bbox 1550 2632 1617 2693; x_wconf 88' lang='lat' dir='ltr'>et</span> <span class='ocrx_word' id='word_1_163' title='bbox 1662 2626 1907 2693; x_wconf 88' lang='lat' dir='ltr'>eadem</span> <span class='ocrx_word' id='word_1_164' title='bbox 1954 2648 2033 2693; x_wconf 90' lang='lat' dir='ltr'>ac</span> <span class='ocrx_word' id='word_1_165' title='bbox 2071 2625 2324 2693; x_wconf 90' lang='lat' dir='ltr'>Adami</span> <span class='ocrx_word' id='word_1_166' title='bbox 2358 2626 2601 2693; x_wconf 89' lang='lat' dir='ltr'>Iumne</span> <span class='ocrx_word' id='word_1_167' title='bbox 2643 2648 2791 2692; x_wconf 88' lang='lat' dir='ltr'>esse</span> <span class='ocrx_word' id='word_1_168' title='bbox 2831 2624 3026 2692; x_wconf 88' lang='lat' dir='ltr'>vide-</span> 
     </span>
     <span class='ocr_line' id='line_1_20' title="bbox 458 2740 3027 2833; baseline 0.001 -28"><span class='ocrx_word' id='word_1_169' title='bbox 458 2748 571 2808; x_wconf 88' lang='lat' dir='ltr'>tur</span> <span class='ocrx_word' id='word_1_170' title='bbox 592 2742 642 2822; x_wconf 74' lang='lat'>2,</span> <span class='ocrx_word' id='word_1_171' title='bbox 686 2743 886 2831; x_wconf 86' lang='lat' dir='ltr'>cujus</span> <span class='ocrx_word' id='word_1_172' title='bbox 919 2740 1128 2807; x_wconf 85' lang='lat' dir='ltr'>situm</span> <span class='ocrx_word' id='word_1_173' title='bbox 1174 2740 1292 2808; x_wconf 89' lang='lat' dir='ltr'>alii</span> <span class='ocrx_word' id='word_1_174' title='bbox 1333 2741 1514 2831; x_wconf 91' lang='lat' dir='ltr'>apud</span> <span class='ocrx_word' id='word_1_175' title='bbox 1551 2741 2062 2824; x_wconf 80' lang='lat' dir='ltr'>Swz&#39;nemz&#39;mde,</span> <span class='ocrx_word' id='word_1_176' title='bbox 2098 2741 2282 2833; x_wconf 93' lang='lat' dir='ltr'>apud</span> <span class='ocrx_word' id='word_1_177' title='bbox 2330 2741 2586 2809; x_wconf 80' lang='lat' dir='ltr'><em>Wollin</em></span> <span class='ocrx_word' id='word_1_178' title='bbox 2636 2740 2753 2808; x_wconf 90' lang='lat' dir='ltr'>alii</span> <span class='ocrx_word' id='word_1_179' title='bbox 2796 2740 3027 2831; x_wconf 84' lang='lat' dir='ltr'>requi-</span> 
     </span>
     <span class='ocr_line' id='line_1_21' title="bbox 448 2856 3022 2949; baseline 0.001 -26"><span class='ocrx_word' id='word_1_180' title='bbox 448 2867 635 2925; x_wconf 88' lang='lat' dir='ltr'>runt.</span> <span class='ocrx_word' id='word_1_181' title='bbox 676 2856 853 2926; x_wconf 90' lang='lat' dir='ltr'>Huic</span> <span class='ocrx_word' id='word_1_182' title='bbox 881 2857 1249 2946; x_wconf 87' lang='lat' dir='ltr'>posteriori</span> <span class='ocrx_word' id='word_1_183' title='bbox 1285 2858 1595 2949; x_wconf 87' lang='lat' dir='ltr'>opinioni</span> <span class='ocrx_word' id='word_1_184' title='bbox 1617 2857 2081 2942; x_wconf 80' lang='lat' dir='ltr'>adhaeremuS,</span> <span class='ocrx_word' id='word_1_185' title='bbox 2126 2866 2362 2949; x_wconf 79' lang='lat' dir='ltr'>utpote</span> <span class='ocrx_word' id='word_1_186' title='bbox 2388 2880 2542 2949; x_wconf 87' lang='lat' dir='ltr'>quae</span> <span class='ocrx_word' id='word_1_187' title='bbox 2577 2856 3022 2927; x_wconf 89' lang='lat' dir='ltr'>verisimilior</span> 
     </span>
     <span class='ocr_line' id='line_1_22' title="bbox 450 2973 2269 3055; baseline 0.001 -17"><span class='ocrx_word' id='word_1_188' title='bbox 450 2973 793 3055; x_wconf 88' lang='lat' dir='ltr'>videatur,</span> <span class='ocrx_word' id='word_1_189' title='bbox 822 2973 977 3040; x_wconf 91' lang='lat' dir='ltr'>licet</span> <span class='ocrx_word' id='word_1_190' title='bbox 1022 2994 1169 3040; x_wconf 91' lang='lat' dir='ltr'>rem</span> <span class='ocrx_word' id='word_1_191' title='bbox 1210 2995 1605 3042; x_wconf 89' lang='lat' dir='ltr'>asseverare</span> <span class='ocrx_word' id='word_1_192' title='bbox 1650 2996 1790 3041; x_wconf 89' lang='lat' dir='ltr'>non</span> <span class='ocrx_word' id='word_1_193' title='bbox 1826 2974 2269 3042; x_wconf 71' lang='lat' dir='ltr'>audeamus³.</span> 
     </span>
    </p>

    <p class='ocr_par' dir='ltr' id='par_1_5' title="bbox 540 3087 3022 3180">
     <span class='ocr_line' id='line_1_23' title="bbox 540 3087 3022 3180; baseline -0.002 -22"><span class='ocrx_word' id='word_1_194' title='bbox 540 3088 735 3158; x_wconf 87' lang='lat' dir='ltr'>Ultra</span> <span class='ocrx_word' id='word_1_195' title='bbox 800 3088 1150 3158; x_wconf 86' lang='lat' dir='ltr'>Oddaram</span> <span class='ocrx_word' id='word_1_196' title='bbox 1204 3088 1509 3157; x_wconf 79' lang='lat' dir='ltr'>obscurae</span> <span class='ocrx_word' id='word_1_197' title='bbox 1569 3098 1727 3156; x_wconf 90' lang='lat' dir='ltr'>sunt</span> <span class='ocrx_word' id='word_1_198' title='bbox 1784 3089 2010 3180; x_wconf 83' lang='lat' dir='ltr'>magis</span> <span class='ocrx_word' id='word_1_199' title='bbox 2068 3099 2271 3179; x_wconf 86' lang='lat' dir='ltr'>atque</span> <span class='ocrx_word' id='word_1_200' title='bbox 2345 3089 2571 3177; x_wconf 89' lang='lat' dir='ltr'>magis</span> <span class='ocrx_word' id='word_1_201' title='bbox 2641 3087 3022 3179; x_wconf 82' lang='lat' dir='ltr'>geographi</span> 
     </span>
    </p>
   </div>
   <div class='ocr_carea' id='block_1_3' title="bbox 404 3319 3027 4905">
    <p class='ocr_par' dir='ltr' id='par_1_6' title="bbox 448 3319 3027 3624">
     <span class='ocr_line' id='line_1_24' title="bbox 517 3319 3027 3397; baseline 0.001 -29"><span class='ocrx_word' id='word_1_202' title='bbox 517 3323 560 3368; x_wconf 89' lang='grc'>1.</span> <span class='ocrx_word' id='word_1_203' title='bbox 599 3319 805 3379; x_wconf 88' lang='lat' dir='ltr'>Quibus</span> <span class='ocrx_word' id='word_1_204' title='bbox 846 3319 1056 3383; x_wconf 86' lang='lat' dir='ltr'>legibus</span> <span class='ocrx_word' id='word_1_205' title='bbox 1089 3320 1332 3370; x_wconf 82' lang='lat' dir='ltr'>Saxones</span> <span class='ocrx_word' id='word_1_206' title='bbox 1374 3323 1428 3370; x_wconf 92' lang='lat' dir='ltr'>et</span> <span class='ocrx_word' id='word_1_207' title='bbox 1457 3321 1628 3370; x_wconf 80' lang='lat' dir='ltr'>Groeci</span> <span class='ocrx_word' id='word_1_208' title='bbox 1648 3321 1839 3371; x_wconf 88' lang='lat' dir='ltr'>Iumne</span> <span class='ocrx_word' id='word_1_209' title='bbox 1868 3321 2131 3385; x_wconf 80' lang='lat' dir='ltr'>regantur</span> <span class='ocrx_word' id='word_1_210' title='bbox 2153 3319 2391 3371; x_wconf 85' lang='lat' dir='ltr'>Adamus</span> <span class='ocrx_word' id='word_1_211' title='bbox 2412 3333 2514 3370; x_wconf 89' lang='lat' dir='ltr'>nos</span> <span class='ocrx_word' id='word_1_212' title='bbox 2539 3319 2756 3370; x_wconf 80' lang='lat' dir='ltr'>edocet:</span> <span class='ocrx_word' id='word_1_213' title='bbox 2779 3319 3027 3397; x_wconf 77' lang='lat' dir='ltr'>quaedam</span> 
     </span>
     <span class='ocr_line' id='line_1_25' title="bbox 448 3398 3027 3459; baseline 0 -9"><span class='ocrx_word' id='word_1_214' title='bbox 448 3399 600 3450; x_wconf 88' lang='lat' dir='ltr'>enim</span> <span class='ocrx_word' id='word_1_215' title='bbox 631 3398 855 3449; x_wconf 82' lang='lat' dir='ltr'>urbanae</span> <span class='ocrx_word' id='word_1_216' title='bbox 885 3399 1201 3450; x_wconf 84' lang='lat' dir='ltr'>sodalitates</span> <span class='ocrx_word' id='word_1_217' title='bbox 1231 3400 1346 3449; x_wconf 89' lang='lat' dir='ltr'>suis</span> <span class='ocrx_word' id='word_1_218' title='bbox 1376 3400 1579 3450; x_wconf 88' lang='lat' dir='ltr'>finibus</span> <span class='ocrx_word' id='word_1_219' title='bbox 1615 3403 1833 3451; x_wconf 85' lang='lat' dir='ltr'>exteros</span> <span class='ocrx_word' id='word_1_220' title='bbox 1863 3402 2196 3451; x_wconf 85' lang='lat' dir='ltr'>mercatores</span> <span class='ocrx_word' id='word_1_221' title='bbox 2224 3400 2524 3450; x_wconf 87' lang='lat' dir='ltr'>consistere</span> <span class='ocrx_word' id='word_1_222' title='bbox 2562 3399 2833 3459; x_wconf 82' lang='lat' dir='ltr'>sinebant,</span> <span class='ocrx_word' id='word_1_223' title='bbox 2858 3399 3027 3451; x_wconf 91' lang='lat' dir='ltr'>clien-</span> 
     </span>
     <span class='ocr_line' id='line_1_26' title="bbox 448 3479 3019 3545; baseline 0 -17"><span class='ocrx_word' id='word_1_224' title='bbox 448 3480 590 3529; x_wconf 86' lang='lat' dir='ltr'>tium</span> <span class='ocrx_word' id='word_1_225' title='bbox 615 3479 788 3543; x_wconf 87' lang='lat' dir='ltr'>magis</span> <span class='ocrx_word' id='word_1_226' title='bbox 811 3493 974 3543; x_wconf 87' lang='lat' dir='ltr'>quam</span> <span class='ocrx_word' id='word_1_227' title='bbox 997 3480 1198 3530; x_wconf 81' lang='lat' dir='ltr'>civium</span> <span class='ocrx_word' id='word_1_228' title='bbox 1226 3480 1426 3530; x_wconf 89' lang='lat' dir='ltr'>instar:</span> <span class='ocrx_word' id='word_1_229' title='bbox 1454 3481 1531 3531; x_wconf 86' lang='lat' dir='ltr'>ita</span> <span class='ocrx_word' id='word_1_230' title='bbox 1552 3482 1742 3531; x_wconf 89' lang='lat' dir='ltr'>Iumne</span> <span class='ocrx_word' id='word_1_231' title='bbox 1769 3480 2158 3545; x_wconf 87' lang='lat' dir='ltr'>(Giesebrecht,</span> <span class='ocrx_word' id='word_1_232' title='bbox 2197 3479 2501 3530; x_wconf 79' lang='lat' dir='ltr'>Wendische</span> <span class='ocrx_word' id='word_1_233' title='bbox 2522 3479 2886 3538; x_wconf 81' lang='lat' dir='ltr'>Geschichten,</span> <span class='ocrx_word' id='word_1_234' title='bbox 2910 3482 2953 3530; x_wconf 84' lang='lat' dir='ltr'>t.</span> <span class='ocrx_word' id='word_1_235' title='bbox 2980 3481 3019 3544; x_wconf 89' lang='lat'>1,</span> 
     </span>
     <span class='ocr_line' id='line_1_27' title="bbox 451 3559 2334 3624; baseline 0.001 -17"><span class='ocrx_word' id='word_1_236' title='bbox 451 3574 506 3622; x_wconf 90' lang='lat' dir='ltr'>p.</span> <span class='ocrx_word' id='word_1_237' title='bbox 535 3561 614 3608; x_wconf 83' lang='grc'>38.</span> <span class='ocrx_word' id='word_1_238' title='bbox 640 3559 718 3608; x_wconf 85' lang='lat' dir='ltr'>Cf.</span> <span class='ocrx_word' id='word_1_239' title='bbox 745 3560 929 3620; x_wconf 86' lang='lat' dir='ltr'>Jacob,</span> <span class='ocrx_word' id='word_1_240' title='bbox 957 3559 1517 3610; x_wconf 75' lang='lat' dir='ltr'>Nordiseh-Baltisclze</span> <span class='ocrx_word' id='word_1_241' title='bbox 1541 3559 1750 3611; x_wconf 86' lang='lat' dir='ltr'>Handel</span> <span class='ocrx_word' id='word_1_242' title='bbox 1773 3562 1870 3610; x_wconf 73' lang='lat' dir='ltr'>der</span> <span class='ocrx_word' id='word_1_243' title='bbox 1889 3560 2114 3621; x_wconf 85' lang='lat' dir='ltr'>Araber,</span> <span class='ocrx_word' id='word_1_244' title='bbox 2141 3575 2195 3624; x_wconf 92' lang='lat' dir='ltr'>p.</span> <span class='ocrx_word' id='word_1_245' title='bbox 2227 3563 2334 3611; x_wconf 84' lang='lat'>113.</span> 
     </span>
    </p>

    <p class='ocr_par' dir='ltr' id='par_1_7' title="bbox 447 3639 3025 4185">
     <span class='ocr_line' id='line_1_28' title="bbox 517 3639 3024 3705; baseline 0.001 -18"><span class='ocrx_word' id='word_1_246' title='bbox 517 3641 565 3688; x_wconf 74' lang='lat'>2.</span> <span class='ocrx_word' id='word_1_247' title='bbox 597 3639 675 3688; x_wconf 88' lang='lat' dir='ltr'>Ex</span> <span class='ocrx_word' id='word_1_248' title='bbox 702 3639 972 3701; x_wconf 84' lang='lat' dir='ltr'>Jumneta,</span> <span class='ocrx_word' id='word_1_249' title='bbox 1004 3642 1160 3703; x_wconf 81' lang='lat' dir='ltr'>juxta</span> <span class='ocrx_word' id='word_1_250' title='bbox 1188 3640 1555 3700; x_wconf 85' lang='lat' dir='ltr'>Giesebrecht,</span> <span class='ocrx_word' id='word_1_251' title='bbox 1587 3641 1830 3691; x_wconf 84' lang='lat' dir='ltr'>vicissim</span> <span class='ocrx_word' id='word_1_252' title='bbox 1864 3643 2187 3705; x_wconf 80' lang='lat' dir='ltr'>Iumnetam,</span> <span class='ocrx_word' id='word_1_253' title='bbox 2223 3641 2547 3703; x_wconf 83' lang='lat' dir='ltr'>Ninivetam,</span> <span class='ocrx_word' id='word_1_254' title='bbox 2577 3640 2822 3691; x_wconf 87' lang='lat' dir='ltr'>Vinetam</span> <span class='ocrx_word' id='word_1_255' title='bbox 2854 3639 3024 3693; x_wconf 77' lang='lat' dir='ltr'>duxe-</span> 
     </span>
     <span class='ocr_line' id='line_1_29' title="bbox 449 3717 3025 3784; baseline 0 -16"><span class='ocrx_word' id='word_1_256' title='bbox 449 3720 616 3780; x_wconf 82' lang='lat' dir='ltr'>runt3</span> <span class='ocrx_word' id='word_1_257' title='bbox 647 3717 903 3782; x_wconf 89' lang='lat' dir='ltr'>deinceps</span> <span class='ocrx_word' id='word_1_258' title='bbox 929 3719 1119 3770; x_wconf 91' lang='lat' dir='ltr'>urbem</span> <span class='ocrx_word' id='word_1_259' title='bbox 1149 3719 1398 3770; x_wconf 90' lang='lat' dir='ltr'>Vinetam</span> <span class='ocrx_word' id='word_1_260' title='bbox 1423 3721 1715 3783; x_wconf 86' lang='lat' dir='ltr'>finxerunt,</span> <span class='ocrx_word' id='word_1_261' title='bbox 1740 3734 1862 3784; x_wconf 77' lang='lat' dir='ltr'>quae</span> <span class='ocrx_word' id='word_1_262' title='bbox 1889 3734 2003 3770; x_wconf 90' lang='lat' dir='ltr'>non</span> <span class='ocrx_word' id='word_1_263' title='bbox 2032 3724 2093 3771; x_wconf 91' lang='lat' dir='ltr'>ut</span> <span class='ocrx_word' id='word_1_264' title='bbox 2120 3721 2309 3770; x_wconf 87' lang='lat' dir='ltr'>Iumne</span> <span class='ocrx_word' id='word_1_265' title='bbox 2341 3721 2482 3770; x_wconf 90' lang='lat' dir='ltr'>bello</span> <span class='ocrx_word' id='word_1_266' title='bbox 2516 3719 2714 3780; x_wconf 87' lang='lat' dir='ltr'>diruta,</span> <span class='ocrx_word' id='word_1_267' title='bbox 2741 3719 2836 3769; x_wconf 89' lang='lat' dir='ltr'>sed</span> <span class='ocrx_word' id='word_1_268' title='bbox 2856 3719 3025 3769; x_wconf 85' lang='lat' dir='ltr'>maris</span> 
     </span>
     <span class='ocr_line' id='line_1_30' title="bbox 451 3798 3025 3864; baseline 0.001 -18"><span class='ocrx_word' id='word_1_269' title='bbox 451 3798 708 3848; x_wconf 83' lang='lat' dir='ltr'>fluctibus</span> <span class='ocrx_word' id='word_1_270' title='bbox 726 3799 921 3848; x_wconf 86' lang='lat' dir='ltr'>hausta</span> <span class='ocrx_word' id='word_1_271' title='bbox 940 3801 1102 3862; x_wconf 89' lang='lat' dir='ltr'>esset,</span> <span class='ocrx_word' id='word_1_272' title='bbox 1131 3801 1185 3849; x_wconf 89' lang='lat' dir='ltr'>et</span> <span class='ocrx_word' id='word_1_273' title='bbox 1205 3803 1358 3863; x_wconf 77' lang='lat' dir='ltr'>quus</span> <span class='ocrx_word' id='word_1_274' title='bbox 1379 3799 1549 3850; x_wconf 81' lang='lat' dir='ltr'>ruinae</span> <span class='ocrx_word' id='word_1_275' title='bbox 1564 3815 1734 3864; x_wconf 88' lang='lat' dir='ltr'>prope</span> <span class='ocrx_word' id='word_1_276' title='bbox 1761 3799 1979 3850; x_wconf 81' lang='lat' dir='ltr'>Usedom</span> <span class='ocrx_word' id='word_1_277' title='bbox 1999 3800 2395 3863; x_wconf 87' lang='lat' dir='ltr'>aspicerentur.</span> <span class='ocrx_word' id='word_1_278' title='bbox 2420 3800 2527 3848; x_wconf 79' lang='lat' dir='ltr'>Illae</span> <span class='ocrx_word' id='word_1_279' title='bbox 2551 3801 2732 3850; x_wconf 90' lang='lat' dir='ltr'>autem</span> <span class='ocrx_word' id='word_1_280' title='bbox 2753 3812 3025 3849; x_wconf 87' lang='lat' dir='ltr'>commen-</span> 
     </span>
     <span class='ocr_line' id='line_1_31' title="bbox 447 3877 3023 3944; baseline 0.001 -18"><span class='ocrx_word' id='word_1_281' title='bbox 447 3877 589 3927; x_wconf 85' lang='lat' dir='ltr'>titiae</span> <span class='ocrx_word' id='word_1_282' title='bbox 614 3878 787 3928; x_wconf 81' lang='lat' dir='ltr'>ruinae</span> <span class='ocrx_word' id='word_1_283' title='bbox 801 3879 937 3928; x_wconf 89' lang='lat' dir='ltr'>nihil</span> <span class='ocrx_word' id='word_1_284' title='bbox 961 3878 1107 3930; x_wconf 89' lang='lat' dir='ltr'>aliud</span> <span class='ocrx_word' id='word_1_285' title='bbox 1125 3882 1252 3929; x_wconf 90' lang='lat' dir='ltr'>sunt</span> <span class='ocrx_word' id='word_1_286' title='bbox 1272 3879 1379 3929; x_wconf 89' lang='lat' dir='ltr'>nisi</span> <span class='ocrx_word' id='word_1_287' title='bbox 1400 3881 1630 3930; x_wconf 87' lang='lat' dir='ltr'>erratica</span> <span class='ocrx_word' id='word_1_288' title='bbox 1654 3895 1813 3941; x_wconf 82' lang='lat' dir='ltr'>saxa3</span> <span class='ocrx_word' id='word_1_289' title='bbox 1839 3880 2039 3944; x_wconf 78' lang='lat' dir='ltr'>vineta,</span> <span class='ocrx_word' id='word_1_290' title='bbox 2057 3881 2212 3943; x_wconf 86' lang='lat' dir='ltr'>cujus</span> <span class='ocrx_word' id='word_1_291' title='bbox 2235 3892 2511 3943; x_wconf 84' lang='lat' dir='ltr'>campanae</span> <span class='ocrx_word' id='word_1_292' title='bbox 2530 3878 2628 3927; x_wconf 91' lang='lat' dir='ltr'>sub</span> <span class='ocrx_word' id='word_1_293' title='bbox 2649 3879 2787 3928; x_wconf 90' lang='lat' dir='ltr'>mari</span> <span class='ocrx_word' id='word_1_294' title='bbox 2804 3881 3023 3940; x_wconf 84' lang='lat' dir='ltr'>sonant,</span> 
     </span>
     <span class='ocr_line' id='line_1_32' title="bbox 448 3957 3025 4024; baseline -0 -17"><span class='ocrx_word' id='word_1_295' title='bbox 448 3957 606 4007; x_wconf 87' lang='lat' dir='ltr'>urbis</span> <span class='ocrx_word' id='word_1_296' title='bbox 637 3973 780 4007; x_wconf 84' lang='lat' dir='ltr'>vana</span> <span class='ocrx_word' id='word_1_297' title='bbox 802 3959 1009 4021; x_wconf 85' lang='lat' dir='ltr'>species</span> <span class='ocrx_word' id='word_1_298' title='bbox 1044 3962 1127 4009; x_wconf 93' lang='lat' dir='ltr'>est</span> <span class='ocrx_word' id='word_1_299' title='bbox 1151 3963 1204 4010; x_wconf 92' lang='lat' dir='ltr'>et</span> <span class='ocrx_word' id='word_1_300' title='bbox 1227 3959 1594 4022; x_wconf 88' lang='lat' dir='ltr'>simulacrum,</span> <span class='ocrx_word' id='word_1_301' title='bbox 1623 3958 2080 4024; x_wconf 84' lang='lat' dir='ltr'>quemadmodum</span> <span class='ocrx_word' id='word_1_302' title='bbox 2107 3962 2161 4009; x_wconf 90' lang='lat' dir='ltr'>et</span> <span class='ocrx_word' id='word_1_303' title='bbox 2201 3959 2266 4008; x_wconf 75' lang='lat' dir='ltr'>Ys</span> <span class='ocrx_word' id='word_1_304' title='bbox 2299 3959 2492 4009; x_wconf 89' lang='lat' dir='ltr'>civitas</span> <span class='ocrx_word' id='word_1_305' title='bbox 2524 3958 2584 4008; x_wconf 90' lang='lat' dir='ltr'>in</span> <span class='ocrx_word' id='word_1_306' title='bbox 2615 3958 2784 4007; x_wconf 83' lang='lat' dir='ltr'>Gallia</span> <span class='ocrx_word' id='word_1_307' title='bbox 2815 3957 3025 4018; x_wconf 82' lang='lat' dir='ltr'>(Giese-</span> 
     </span>
     <span class='ocr_line' id='line_1_33' title="bbox 449 4037 3021 4103; baseline 0 -17"><span class='ocrx_word' id='word_1_308' title='bbox 449 4037 665 4099; x_wconf 87' lang='lat' dir='ltr'>brecht,</span> <span class='ocrx_word' id='word_1_309' title='bbox 695 4038 1195 4101; x_wconf 74' lang='lat' dir='ltr'>Nordlandslcunde,</span> <span class='ocrx_word' id='word_1_310' title='bbox 1221 4053 1275 4102; x_wconf 90' lang='lat' dir='ltr'>p.</span> <span class='ocrx_word' id='word_1_311' title='bbox 1308 4042 1527 4095; x_wconf 79' lang='lat'>169-170.</span> <span class='ocrx_word' id='word_1_312' title='bbox 1564 4041 1734 4089; x_wconf 86' lang='lat' dir='ltr'>Ersch</span> <span class='ocrx_word' id='word_1_313' title='bbox 1764 4056 1818 4090; x_wconf 92' lang='lat' dir='ltr'>u.</span> <span class='ocrx_word' id='word_1_314' title='bbox 1849 4040 2075 4101; x_wconf 76' lang='lat' dir='ltr'>Grilber,</span> <span class='ocrx_word' id='word_1_315' title='bbox 2109 4038 2523 4103; x_wconf 76' lang='lat' dir='ltr'>Encyclopaedie,</span> <span class='ocrx_word' id='word_1_316' title='bbox 2555 4047 2615 4085; x_wconf 90' lang='lat' dir='ltr'>v⁰</span> <span class='ocrx_word' id='word_1_317' title='bbox 2646 4038 2822 4086; x_wconf 72' lang='lat' dir='ltr'>hamne</span> <span class='ocrx_word' id='word_1_318' title='bbox 2851 4038 2908 4102; x_wconf 90' lang='lat' dir='ltr'>(t.</span> <span class='ocrx_word' id='word_1_319' title='bbox 2941 4039 3021 4099; x_wconf 75' lang='lat'>28,</span> 
     </span>
     <span class='ocr_line' id='line_1_34' title="bbox 449 4117 2126 4185; baseline 0.002 -21"><span class='ocrx_word' id='word_1_320' title='bbox 449 4131 506 4180; x_wconf 86' lang='lat' dir='ltr'>p.</span> <span class='ocrx_word' id='word_1_321' title='bbox 539 4120 671 4174; x_wconf 66' lang='lat'>410„</span> <span class='ocrx_word' id='word_1_322' title='bbox 695 4117 776 4167; x_wconf 84' lang='lat' dir='ltr'>Cf.</span> <span class='ocrx_word' id='word_1_323' title='bbox 810 4121 870 4168; x_wconf 87' lang='lat' dir='ltr'>A.</span> <span class='ocrx_word' id='word_1_324' title='bbox 895 4119 1146 4185; x_wconf 82' lang='lat' dir='ltr'>Fecamp,</span> <span class='ocrx_word' id='word_1_325' title='bbox 1179 4119 1253 4169; x_wconf 87' lang='lat' dir='ltr'>Le</span> <span class='ocrx_word' id='word_1_326' title='bbox 1280 4119 1463 4183; x_wconf 74' lang='lat' dir='ltr'>poeme</span> <span class='ocrx_word' id='word_1_327' title='bbox 1486 4120 1550 4169; x_wconf 85' lang='lat' dir='ltr'>de</span> <span class='ocrx_word' id='word_1_328' title='bbox 1581 4120 1822 4179; x_wconf 79' lang='lat' dir='ltr'>Gudrun,</span> <span class='ocrx_word' id='word_1_329' title='bbox 1854 4135 1907 4184; x_wconf 90' lang='lat' dir='ltr'>p.</span> <span class='ocrx_word' id='word_1_330' title='bbox 1942 4122 2049 4169; x_wconf 65' lang='lat'>162.</span> <span class='ocrx_word' id='word_1_331' title='bbox 2118 4140 2126 4147; x_wconf 94' lang='lat'><em>·</em></span> 
     </span>
    </p>

    <p class='ocr_par' dir='ltr' id='par_1_8' title="bbox 404 4196 3026 4905">
     <span class='ocr_line' id='line_1_35' title="bbox 517 4196 3021 4264; baseline 0 -18"><span class='ocrx_word' id='word_1_332' title='bbox 517 4201 563 4246; x_wconf 86' lang='lat'>3.</span> <span class='ocrx_word' id='word_1_333' title='bbox 597 4196 972 4262; x_wconf 82' lang='lat' dir='ltr'>Lappenberg,</span> <span class='ocrx_word' id='word_1_334' title='bbox 1001 4199 1188 4259; x_wconf 83' lang='lat' dir='ltr'>waitz,</span> <span class='ocrx_word' id='word_1_335' title='bbox 1207 4200 1395 4249; x_wconf 88' lang='lat' dir='ltr'>Daniel</span> <span class='ocrx_word' id='word_1_336' title='bbox 1427 4201 1533 4264; x_wconf 80' lang='lat' dir='ltr'>(lv,</span> <span class='ocrx_word' id='word_1_337' title='bbox 1555 4216 1613 4264; x_wconf 90' lang='lat' dir='ltr'>p.</span> <span class='ocrx_word' id='word_1_338' title='bbox 1654 4202 1762 4264; x_wconf 86' lang='grc'>184)</span> <span class='ocrx_word' id='word_1_339' title='bbox 1784 4202 1979 4263; x_wconf 86' lang='lat' dir='ltr'>putant</span> <span class='ocrx_word' id='word_1_340' title='bbox 2008 4200 2074 4252; x_wconf 91' lang='lat' dir='ltr'>de</span> <span class='ocrx_word' id='word_1_341' title='bbox 2104 4199 2297 4249; x_wconf 81' lang='lat' dir='ltr'>Wollin</span> <span class='ocrx_word' id='word_1_342' title='bbox 2322 4197 2435 4263; x_wconf 81' lang='lat' dir='ltr'>agi3</span> <span class='ocrx_word' id='word_1_343' title='bbox 2462 4197 2807 4251; x_wconf 89' lang='lat' dir='ltr'>Giesebrecht</span> <span class='ocrx_word' id='word_1_344' title='bbox 2832 4196 3021 4261; x_wconf 76' lang='lat' dir='ltr'>(Nord-</span> 
     </span>
     <span class='ocr_line' id='line_1_36' title="bbox 450 4276 3026 4343; baseline 0 -18"><span class='ocrx_word' id='word_1_345' title='bbox 450 4276 799 4339; x_wconf 81' lang='lat' dir='ltr'>landskuude‚</span> <span class='ocrx_word' id='word_1_346' title='bbox 828 4293 881 4341; x_wconf 89' lang='lat' dir='ltr'>p.</span> <span class='ocrx_word' id='word_1_347' title='bbox 926 4281 1158 4339; x_wconf 76' lang='lat'>170·174;</span> <span class='ocrx_word' id='word_1_348' title='bbox 1210 4279 1516 4329; x_wconf 68' lang='lat' dir='ltr'>llsendisclze</span> <span class='ocrx_word' id='word_1_349' title='bbox 1553 4280 1934 4338; x_wconf 79' lang='lat' dir='ltr'>Geschiscklen,</span> <span class='ocrx_word' id='word_1_350' title='bbox 1966 4282 2005 4328; x_wconf 92' lang='lat' dir='ltr'>t.</span> <span class='ocrx_word' id='word_1_351' title='bbox 2049 4281 2089 4340; x_wconf 85' lang='grc' dir='ltr'>Ι,</span> <span class='ocrx_word' id='word_1_352' title='bbox 2129 4293 2184 4343; x_wconf 89' lang='lat' dir='ltr'>p.</span> <span class='ocrx_word' id='word_1_353' title='bbox 2223 4279 2301 4341; x_wconf 74' lang='lat'>27)</span> <span class='ocrx_word' id='word_1_354' title='bbox 2336 4278 2401 4329; x_wconf 91' lang='lat' dir='ltr'>de</span> <span class='ocrx_word' id='word_1_355' title='bbox 2436 4278 2824 4328; x_wconf 70' lang='lat' dir='ltr'>Swinemiznde.</span> <span class='ocrx_word' id='word_1_356' title='bbox 2866 4279 3026 4327; x_wconf 84' lang='lat' dir='ltr'>Juxta</span> 
     </span>
     <span class='ocr_line' id='line_1_37' title="bbox 449 4357 3021 4423; baseline 0 -18"><span class='ocrx_word' id='word_1_357' title='bbox 449 4371 597 4416; x_wconf 92' lang='lat' dir='ltr'>eum,</span> <span class='ocrx_word' id='word_1_358' title='bbox 633 4358 893 4419; x_wconf 87' lang='lat' dir='ltr'>Julinum‚</span> <span class='ocrx_word' id='word_1_359' title='bbox 934 4359 1239 4423; x_wconf 83' lang='lat' dir='ltr'>Iomshurg,</span> <span class='ocrx_word' id='word_1_360' title='bbox 1292 4373 1462 4423; x_wconf 86' lang='lat' dir='ltr'>prope</span> <span class='ocrx_word' id='word_1_361' title='bbox 1517 4360 1715 4410; x_wconf 88' lang='lat' dir='ltr'>Wollin</span> <span class='ocrx_word' id='word_1_362' title='bbox 1750 4361 1887 4420; x_wconf 85' lang='lat' dir='ltr'>erat,</span> <span class='ocrx_word' id='word_1_363' title='bbox 1921 4359 1989 4411; x_wconf 86' lang='lat' dir='ltr'>ad</span> <span class='ocrx_word' id='word_1_364' title='bbox 2029 4360 2214 4409; x_wconf 89' lang='lat' dir='ltr'>sinum</span> <span class='ocrx_word' id='word_1_365' title='bbox 2238 4358 2445 4410; x_wconf 87' lang='lat' dir='ltr'>dictum</span> <span class='ocrx_word' id='word_1_366' title='bbox 2473 4358 2851 4423; x_wconf 75' lang='lat' dir='ltr'>Frische-Haff.</span> <span class='ocrx_word' id='word_1_367' title='bbox 2890 4357 3021 4406; x_wconf 89' lang='lat' dir='ltr'>Cum</span> 
     </span>
     <span class='ocr_line' id='line_1_38' title="bbox 404 4436 3017 4503; baseline 0 -18"><span class='ocrx_word' id='word_1_368' title='bbox 404 4446 409 4449; x_wconf 87' lang='grc'><em>·</em></span> <span class='ocrx_word' id='word_1_369' title='bbox 450 4436 666 4488; x_wconf 91' lang='lat' dir='ltr'>Dimine</span> <span class='ocrx_word' id='word_1_370' title='bbox 691 4437 758 4488; x_wconf 89' lang='lat' dir='ltr'>ad</span> <span class='ocrx_word' id='word_1_371' title='bbox 778 4438 962 4491; x_wconf 85' lang='lat' dir='ltr'>Panim</span> <span class='ocrx_word' id='word_1_372' title='bbox 989 4440 1042 4489; x_wconf 91' lang='lat' dir='ltr'>et</span> <span class='ocrx_word' id='word_1_373' title='bbox 1070 4439 1357 4503; x_wconf 87' lang='lat' dir='ltr'>Iomsburg</span> <span class='ocrx_word' id='word_1_374' title='bbox 1373 4440 1442 4489; x_wconf 88' lang='lat' dir='ltr'>ad</span> <span class='ocrx_word' id='word_1_375' title='bbox 1464 4441 1765 4490; x_wconf 85' lang='lat' dir='ltr'>Diewenow</span> <span class='ocrx_word' id='word_1_376' title='bbox 1789 4442 1992 4490; x_wconf 89' lang='lat' dir='ltr'>flumen</span> <span class='ocrx_word' id='word_1_377' title='bbox 2016 4443 2218 4498; x_wconf 86' lang='lat' dir='ltr'>essent,</span> <span class='ocrx_word' id='word_1_378' title='bbox 2245 4437 2374 4490; x_wconf 89' lang='lat' dir='ltr'>inde</span> <span class='ocrx_word' id='word_1_379' title='bbox 2404 4437 2650 4501; x_wconf 89' lang='lat' dir='ltr'>sequitur</span> <span class='ocrx_word' id='word_1_380' title='bbox 2677 4439 2924 4489; x_wconf 89' lang='lat' dir='ltr'>Iumnem</span> <span class='ocrx_word' id='word_1_381' title='bbox 2948 4436 3017 4486; x_wconf 88' lang='lat' dir='ltr'>ad</span> 
     </span>
     <span class='ocr_line' id='line_1_39' title="bbox 452 4516 3017 4584; baseline 0 -18"><span class='ocrx_word' id='word_1_382' title='bbox 452 4516 692 4568; x_wconf 87' lang='lat' dir='ltr'>Swinam</span> <span class='ocrx_word' id='word_1_383' title='bbox 718 4519 905 4570; x_wconf 86' lang='lat' dir='ltr'>fuisse.</span> <span class='ocrx_word' id='word_1_384' title='bbox 933 4520 1039 4570; x_wconf 92' lang='lat' dir='ltr'>Sed</span> <span class='ocrx_word' id='word_1_385' title='bbox 1067 4520 1172 4570; x_wconf 89' lang='lat' dir='ltr'>alio</span> <span class='ocrx_word' id='word_1_386' title='bbox 1196 4521 1314 4570; x_wconf 90' lang='lat' dir='ltr'>loco</span> <span class='ocrx_word' id='word_1_387' title='bbox 1341 4521 1675 4584; x_wconf 77' lang='lat' dir='ltr'>(Wendz‘sche</span> <span class='ocrx_word' id='word_1_388' title='bbox 1706 4521 2087 4579; x_wconf 72' lang='lat' dir='ltr'>Gesekischten‚</span> <span class='ocrx_word' id='word_1_389' title='bbox 2118 4523 2156 4571; x_wconf 90' lang='lat' dir='ltr'>t.</span> <span class='ocrx_word' id='word_1_390' title='bbox 2184 4520 2226 4582; x_wconf 92' lang='lat'>1,</span> <span class='ocrx_word' id='word_1_391' title='bbox 2247 4536 2302 4584; x_wconf 91' lang='lat' dir='ltr'>p.</span> <span class='ocrx_word' id='word_1_392' title='bbox 2320 4519 2431 4583; x_wconf 75' lang='lat'>205)</span> <span class='ocrx_word' id='word_1_393' title='bbox 2461 4518 2811 4569; x_wconf 88' lang='lat' dir='ltr'>Giesebrecht</span> <span class='ocrx_word' id='word_1_394' title='bbox 2826 4517 3017 4568; x_wconf 92' lang='lat' dir='ltr'>urbem</span> 
     </span>
     <span class='ocr_line' id='line_1_40' title="bbox 453 4597 3021 4659; baseline 0 -13"><span class='ocrx_word' id='word_1_395' title='bbox 453 4598 709 4648; x_wconf 83' lang='lat' dir='ltr'>Iumnem</span> <span class='ocrx_word' id='word_1_396' title='bbox 738 4599 1016 4650; x_wconf 84' lang='lat' dir='ltr'>aSaxonis</span> <span class='ocrx_word' id='word_1_397' title='bbox 1048 4600 1230 4650; x_wconf 82' lang='lat' dir='ltr'>Julino</span> <span class='ocrx_word' id='word_1_398' title='bbox 1260 4614 1373 4650; x_wconf 90' lang='lat' dir='ltr'>non</span> <span class='ocrx_word' id='word_1_399' title='bbox 1390 4600 1675 4652; x_wconf 90' lang='lat' dir='ltr'>discernit.</span> <span class='ocrx_word' id='word_1_400' title='bbox 1709 4601 1930 4659; x_wconf 88' lang='lat' dir='ltr'>Wollin,</span> <span class='ocrx_word' id='word_1_401' title='bbox 1958 4600 2199 4651; x_wconf 87' lang='lat' dir='ltr'>Julinum</span> <span class='ocrx_word' id='word_1_402' title='bbox 2224 4603 2277 4650; x_wconf 91' lang='lat' dir='ltr'>et</span> <span class='ocrx_word' id='word_1_403' title='bbox 2306 4599 2500 4650; x_wconf 89' lang='lat' dir='ltr'>Vineta</span> <span class='ocrx_word' id='word_1_404' title='bbox 2521 4599 2628 4649; x_wconf 88' lang='lat' dir='ltr'>tria</span> <span class='ocrx_word' id='word_1_405' title='bbox 2646 4597 2868 4648; x_wconf 90' lang='lat' dir='ltr'>nomina</span> <span class='ocrx_word' id='word_1_406' title='bbox 2892 4598 3021 4648; x_wconf 89' lang='lat' dir='ltr'>sunt</span> 
     </span>
     <span class='ocr_line' id='line_1_41' title="bbox 450 4676 3019 4743; baseline -0.001 -16"><span class='ocrx_word' id='word_1_407' title='bbox 450 4676 697 4740; x_wconf 84' lang='lat' dir='ltr'>ejusdem</span> <span class='ocrx_word' id='word_1_408' title='bbox 731 4679 899 4741; x_wconf 79' lang='lat' dir='ltr'>urbiS,</span> <span class='ocrx_word' id='word_1_409' title='bbox 934 4680 1113 4743; x_wconf 88' lang='lat' dir='ltr'>inquit</span> <span class='ocrx_word' id='word_1_410' title='bbox 1150 4680 1438 4730; x_wconf 85' lang='lat' dir='ltr'>Schasarik</span> <span class='ocrx_word' id='word_1_411' title='bbox 1487 4680 1785 4743; x_wconf 75' lang='lat' dir='ltr'>(Slawisclze</span> <span class='ocrx_word' id='word_1_412' title='bbox 1816 4681 2188 4741; x_wconf 72' lang='lat' dir='ltr'>Altercln&#39;imer,</span> <span class='ocrx_word' id='word_1_413' title='bbox 2223 4679 2288 4743; x_wconf 89' lang='grc' dir='ltr'>ΙΙ,</span> <span class='ocrx_word' id='word_1_414' title='bbox 2326 4679 2461 4741; x_wconf 78' lang='grc'><strong>576).</strong></span> <span class='ocrx_word' id='word_1_415' title='bbox 2503 4678 2587 4728; x_wconf 92' lang='lat' dir='ltr'>Sic</span> <span class='ocrx_word' id='word_1_416' title='bbox 2625 4678 2788 4728; x_wconf 87' lang='lat' dir='ltr'>etiam</span> <span class='ocrx_word' id='word_1_417' title='bbox 2818 4676 3019 4726; x_wconf 86' lang='lat' dir='ltr'>Robert</span> 
     </span>
     <span class='ocr_line' id='line_1_42' title="bbox 452 4756 3022 4824; baseline -0.001 -18"><span class='ocrx_word' id='word_1_418' title='bbox 452 4758 705 4821; x_wconf 87' lang='lat' dir='ltr'>Kemplin</span> <span class='ocrx_word' id='word_1_419' title='bbox 731 4759 1010 4823; x_wconf 78' lang='lat' dir='ltr'>(Ballische</span> <span class='ocrx_word' id='word_1_420' title='bbox 1038 4760 1278 4819; x_wconf 82' lang='lat' dir='ltr'>Studien,</span> <span class='ocrx_word' id='word_1_421' title='bbox 1311 4762 1347 4808; x_wconf 94' lang='lat' dir='ltr'>t.</span> <span class='ocrx_word' id='word_1_422' title='bbox 1376 4760 1508 4822; x_wconf 83' lang='lat' dir='ltr'>xm,</span> <span class='ocrx_word' id='word_1_423' title='bbox 1531 4776 1586 4824; x_wconf 90' lang='lat' dir='ltr'>p.</span> <span class='ocrx_word' id='word_1_424' title='bbox 1625 4762 1685 4824; x_wconf 91' lang='lat' dir='ltr'>l),</span> <span class='ocrx_word' id='word_1_425' title='bbox 1714 4761 1806 4823; x_wconf 84' lang='lat' dir='ltr'>qui</span> <span class='ocrx_word' id='word_1_426' title='bbox 1829 4761 1969 4809; x_wconf 88' lang='lat' dir='ltr'>hanc</span> <span class='ocrx_word' id='word_1_427' title='bbox 1985 4760 2176 4810; x_wconf 88' lang='lat' dir='ltr'>urbem</span> <span class='ocrx_word' id='word_1_428' title='bbox 2196 4773 2319 4809; x_wconf 90' lang='lat' dir='ltr'>cum</span> <span class='ocrx_word' id='word_1_429' title='bbox 2336 4758 2540 4809; x_wconf 89' lang='lat' dir='ltr'>Wollin</span> <span class='ocrx_word' id='word_1_430' title='bbox 2561 4771 2858 4822; x_wconf 82' lang='lat' dir='ltr'>congruere</span> <span class='ocrx_word' id='word_1_431' title='bbox 2877 4756 3022 4806; x_wconf 87' lang='lat' dir='ltr'>arbi-</span> 
     </span>
     <span class='ocr_line' id='line_1_43' title="bbox 449 4839 2525 4905; baseline -0 -18"><span class='ocrx_word' id='word_1_432' title='bbox 449 4839 643 4888; x_wconf 85' lang='lat' dir='ltr'>tratur.</span> <span class='ocrx_word' id='word_1_433' title='bbox 669 4839 731 4888; x_wconf 89' lang='lat' dir='ltr'>In</span> <span class='ocrx_word' id='word_1_434' title='bbox 758 4839 1004 4890; x_wconf 86' lang='lat' dir='ltr'>eamdem</span> <span class='ocrx_word' id='word_1_435' title='bbox 1026 4840 1352 4890; x_wconf 86' lang='lat' dir='ltr'>sententiam</span> <span class='ocrx_word' id='word_1_436' title='bbox 1376 4840 1475 4890; x_wconf 86' lang='lat' dir='ltr'>ivit</span> <span class='ocrx_word' id='word_1_437' title='bbox 1497 4839 1693 4905; x_wconf 88' lang='lat' dir='ltr'>Penck‚</span> <span class='ocrx_word' id='word_1_438' title='bbox 1722 4843 1831 4890; x_wconf 72' lang='lat' dir='ltr'>Das</span> <span class='ocrx_word' id='word_1_439' title='bbox 1850 4839 2092 4890; x_wconf 78' lang='lat' dir='ltr'>deutsche</span> <span class='ocrx_word' id='word_1_440' title='bbox 2120 4839 2317 4900; x_wconf 66' lang='lat' dir='ltr'>Reich„</span> <span class='ocrx_word' id='word_1_441' title='bbox 2339 4853 2394 4902; x_wconf 92' lang='lat' dir='ltr'>p.</span> <span class='ocrx_word' id='word_1_442' title='bbox 2416 4842 2525 4889; x_wconf 81' lang='lat'>573.</span> 
     </span>
    </p>
   </div>
   <div class='ocr_carea' id='block_1_4' title="bbox 0 5644 493 5659">
    <p class='ocr_par' dir='ltr' id='par_1_9' title="bbox 0 5644 493 5659">
     <span class='ocr_line' id='line_1_44' title="bbox 0 5644 493 5659; baseline 0 16"><span class='ocrx_word' id='word_1_443' title='bbox 0 5644 493 5659; x_wconf 95' lang='lat' dir='ltr'> </span> 
     </span>
    </p>
   </div>
  </div>
 </body>
</html>
