3609 5675
1551 573 1871 631 -57-

419 721 719 806 videtur,
760 719 934 789 alios
973 730 1237 789 veteres
1276 722 1680 813 portulanos
1719 723 1792 790 in
1829 722 2079 813 quibus
2126 721 2422 789 nordicae
2464 723 2784 811 regiones
2812 723 2996 787 ultre

422 835 689 904 Scaldis
741 836 919 903 ostia
962 837 1200 904 effictae
1253 847 1434 905 sunt.
1485 838 1661 907 Cum
1709 838 1961 906 tabulae
2014 837 2149 904 illae
2190 836 2472 928 depictae
2540 839 2836 919 fuerunt,
2884 835 2992 903 itrel

417 952 652 1037 potius
682 951 961 1018 illarum
994 952 1392 1044 archetypa,
1433 953 1741 1021 Bothniee
1778 958 2003 1021 sinum
2032 953 2348 1020 nondum
2382 953 2988 1039 investigaverant.

420 1065 766 1133 Balticum
824 1066 1038 1154 igitur
1094 1076 1286 1135 ma're
1339 1068 1730 1135 extenditur
1774 1068 1860 1136 ab
1911 1068 2259 1137 occidente
2300 1067 2386 1136 ad
2422 1067 2784 1151 orientem,
2836 1091 2996 1155 qne-

416 1180 872 1248 madmodum
913 1191 980 1247 et
1014 1181 1537 1251 Scandinavia¹.

511 1296 709 1377 Quod
744 1296 832 1364 ad
889 1297 1178 1364 alteram
1215 1298 1468 1364 Adami
1508 1298 1757 1366 falsam
1798 1298 2335 1366 delineationem
2374 1299 2684 1387 pertinet,
2736 1299 2992 1363 seitieet

423 1411 862 1479 Gronlandiae
899 1412 1306 1502 posituram,
1347 1435 1503 1480 eam
1547 1414 1700 1504 plus
1744 1413 1975 1482 minus
2025 1414 2097 1479 in
2130 1413 2364 1480 tabula
2403 1415 2656 1479 cedieis
2708 1411 2988 1479 Bruxel-

414 1526 652 1612 lensis,
701 1526 772 1593 in
816 1527 1070 1594 tabulis
1105 1529 1130 1565 ²
1173 1527 1524 1595 Ptolemaei
1574 1528 1821 1598 Ulmiae
1888 1531 2059 1596 1482
2108 1536 2176 1595 et
2225 1531 2394 1596 1507
2444 1527 2880 1615 supradietis‚
2920 1527 2988 1591 in

419 1640 578 1708 aliis
645 1641 851 1707 etiam
913 1641 1326 1710 invenimus,
1387 1642 1594 1711 Nulla
1652 1644 2045 1711 tabularum
2103 1641 2301 1710 nobis
2355 1655 2680 1711 notarum
2740 1643 2984 1707 Adam}

419 1756 653 1823 ideam
738 1756 1024 1824 omnino
1105 1757 1405 1839 exhibet,
1490 1759 1672 1848 quod
1753 1758 2036 1826 minime
2118 1757 2376 1825 mirum
2445 1767 2568 1839 estu
2652 1779 2804 1823 enm
2892 1771 2988 1823 tet

423 1870 626 1938 annis
681 1881 747 1937 et
795 1871 1006 1938 etiam
1055 1872 1303 1939 seculis
1340 1873 1758 1961 posteriores
1801 1873 1958 1940 sint.
1999 1874 2239 1962 Itaque
2280 1873 2684 1963 prudentius
2724 1885 2828 1939 est
2868 1899 2984 1939 eae

422 1986 694 2053 tabulas
756 1986 1007 2054 Adami
1068 1988 1244 2055 libro
1307 1991 1596 2078 juvante
1667 1989 2087 2080 perpendere
2146 2010 2357 2078 quam
2413 1991 2671 2055 -Ademi
2736 1987 2988 2055 librum

418 2100 674 2168 tabulis
760 2103 1166 2191 juvantibus
1263 2105 1650 2172 enucleare.
1737 2104 1905 2185 Quae
1999 2114 2233 2173 tamen
2313 2105 2492 2171 haud
2572 2103 2984 2191 negligenda

415 2214 570 2283 visa
628 2224 810 2283 sunt.
2940 2223 2948 2231 '

511 2330 778 2411 Quibus
853 2331 1099 2417 edocti,
1175 2334 1431 2401 Adami
1505 2334 2007 2424 geographicas
2084 2333 2580 2425 descriptiones
2658 2335 2984 2403 intentius

416 2445 618 2536 sequi
671 2457 739 2513 et
799 2446 1069 2537 singula
1130 2449 1479 2539 copiosius
1537 2473 1894 2518 recensere
1960 2449 2314 2518 debemus,
2376 2449 2508 2531 Qui
2568 2475 2708 2515 nen
2764 2451 2988 2519 selum

411 2562 610 2629 nuda
660 2562 943 2629 nomina
985 2564 1288 2631 locorum
1345 2564 1554 2647 dedit,
1612 2567 1734 2633 sed
1784 2565 1995 2633 etiam
2042 2566 2372 2638 nonnulla
2422 2565 2504 2631 de
2548 2567 2672 2631 seii
2712 2575 2984 2651 natura,

407 2676 498 2743 de
575 2677 910 2766 frugibuS,
990 2679 1355 2769 pecoribus
1425 2690 1543 2748 aut
1621 2681 1783 2748 feris
1861 2680 2170 2771 scripsit;
2252 2680 2468 2748 multa
2548 2679 2756 2748 etiem
2836 2704 2984 2772 qut-e

411 2801 819 2860 notarentur
878 2793 1286 2883 neutiquam
1344 2795 1628 2886 indigna
1698 2796 1780 2865 de
1840 2795 2082 2864 incolis
2143 2817 2271 2863 nos
2339 2795 2604 2876 docuit;
2672 2820 2820 2884 qnee
2888 2796 2972 2864 sit

410 2929 662 2974 eorum
705 2907 871 2991 vita,
923 2931 1074 3000 quae
1124 2909 1295 3000 ipsis
1355 2933 1513 2978 cum
1554 2922 1734 2979 terra
1774 2910 2255 2980 convenientia
2294 2920 2358 2978 et
2396 2912 2588 2998 qnasi
2636 2912 2980 3000 eegnetim

398 3010 665 3111 ⁴quibus
692 3023 1133 3113 potissimum
1168 3025 1348 3093 notis
1387 3026 1566 3093 inter
1606 3049 1678 3093 se
1729 3026 2067 3093 differant.
2113 3025 2265 3093 Non
2316 3025 2720 3092 omittemus
2760 3028 2984 3116 inqui*

411 3159 592 3218 rere,
630 3137 759 3204 etsi
800 3139 1143 3229 ejusmodi
1189 3141 1604 3230 quaestiones
1634 3141 1822 3208 haud
1868 3163 2136 3230 semper
2179 3141 2496 3231 expedire
2540 3140 2980 3224 tentabimus,

410 3252 933 3343 topographicis
982 3264 1102 3322 aut
1156 3256 1638 3346 etymologicis
1688 3256 1770 3324 de
1822 3256 2074 3338 causiS,
2138 3255 2296 3346 quis
2362 3255 2447 3322 sit
2508 3260 2816 3324 lenernni
2868 3264 2988 3324 ent

418 3367 700 3434 urbium
748 3369 944 3452 situS‚
998 3371 1268 3461 quoties
1321 3372 1440 3439 illa
1485 3373 1571 3439 ad
1616 3371 2116 3462 geographiam
2165 3370 2504 3470 pertinere
2548 3372 2980 3440 videbuntur.

413 3483 662 3572 Itaque
709 3483 1012 3573 primum
1065 3487 1146 3554 de
1213 3487 1514 3555 Saxonia
1572 3498 1637 3556 et
1698 3487 2026 3555 Slavania
2080 3487 2536 3568 disseremu53
2600 3488 2848 3556 deimie
2908 3492 2988 3556 de

412 3596 891 3667 Scandinaviae
937 3602 1373 3690 regionibus3
1410 3612 1755 3692 postremo
1788 3611 2018 3670 autem
2050 3603 2132 3671 de
2175 3602 2420 3670 insulis
2468 3604 2744 3672 [leenni.

481 3780 525 3826 1.
555 3778 972 3841 Nordenskiold‚
1001 3781 1320 3831 Fac-Simile
1343 3781 1513 3842 Αίίαε,
1537 3797 1596 3846 p.
1629 3783 1802 3832 52-53.

475 3861 522 3907 2.
552 3857 973 3922 Nordenskidld,
1008 3861 1327 3910 Fac-Simile
1351 3861 1522 3924 Atlas,
1554 3876 1606 3925 p.
1634 3866 1694 3912 27
1725 3865 1777 3913 et
1806 3865 1885 3912 61.
