3609 5675
1685 543 2003 602 —50—

561 699 833 767 :nullum
873 699 1293 787 imposuerat
1329 716 1581 762 nomen
1622 693 1867 784 (schol.
1913 694 2069 775 115,
2119 697 2188 759 et
2222 691 2345 774 IV,
2391 690 2500 781 10)
2547 710 2563 757 ε
2614 717 2646 751 «
2686 688 2873 757 Mare
2915 686 3145 756 orien-

565 815 725 895 tale,
781 815 1025 903 inquit,
1075 812 1221 880 sive
1256 833 1446 879 mare
1488 809 1895 891 Barbarum,
1949 807 2093 875 sive
2143 829 2332 874 mare
2374 804 2749 873 Scithicum
2791 803 2900 870 vel
2948 823 3142 869 mare

569 927 909 995 Ballieuni
981 950 1192 995 unum
1254 936 1322 993 et
1380 925 1563 993 idem
1622 932 1727 992 est
1781 945 1996 1005 mare,
2060 922 2242 1013 quod
2305 920 2681 989 Martianus
2749 924 2818 985 et
2871 917 3141 1006 antiqui

569 1043 865 1111 Humani
897 1043 1183 1131 [scilicet
1210 1041 1523 1123 OrosiuS,
1561 1039 1923 1129 Virgilius)
1954 1038 2293 1105 Scithicas
2315 1034 2424 1102 vel
2454 1033 2800 1103 Maeoticas
2821 1032 3137 1123 paludeS,

569 1159 713 1227 sire
769 1159 1033 1223 {lc—serta
1085 1158 1440 1238 Getarum,
1486 1164 1606 1223 aut
1654 1154 2034 1223 Scithicum
2082 1154 2273 1220 littus
2324 1149 2697 1241 appellant.
2746 1177 2779 1211 »
2831 1148 2964 1215 Sed
3000 1148 3140 1215 alio

565 1275 713 1339 loeo
753 1275 901 1359 {ll-f,
949 1279 1086 1363 Εὐ),
1130 1281 1441 1340 nontam
1473 1271 1663 1338 firme
1718 1278 2067 1337 asseverat
2107 1291 2121 1335 :
2170 1268 2334 1334 «De
2376 1265 2534 1332 sinu
2563 1264 2827 1331 Baltico
2871 1262 3142 1330 nullam

569 1391 973 1455 effusionem
1009 1386 1249 1455 audivi
1289 1385 1683 1476 quempiam
1716 1384 1955 1473 fecisse
1988 1384 2363 1467 doctorum,
2410 1380 2543 1449 m'si
2578 1378 2797 1447 solum
2835 1379 3142 1445 Einhar-

569 1503 753 1571 ffmn.
777 1503 857 1571 Ei
885 1507 1168 1591 firmasse
1187 1502 1471 1568 mutatis
1502 1500 1903 1567 nominibus
1934 1499 2229 1567 arbitror
2258 1497 2428 1564 illud
2447 1498 2700 1564 fretum
2721 1493 2805 1562 ab
2832 1494 3143 1585 antiquis

569 1619 797 1687 vecari
837 1619 1117 1711 paludes
1159 1617 1517 1684 Scithicas.
1566 1645 1598 1679 »

669 1735 993 1803 Einhart-di
1057 1742 1287 1801 autem
1343 1732 1572 1799 locum
1626 1731 1977 1820 integrum
2038 1728 2376 1819 excerpsit
2433 1727 2744 1795 Adamus
2790 1727 2897 1815 (11,
2957 1726 3063 1813 16)
3119 1746 3138 1793 ε

577 1879 605 1930 ῃ-
633 1851 729 1915 De
761 1851 957 1939 eujus
989 1848 1141 1915 freti
1168 1856 1413 1914 natura
1442 1845 1742 1913 breviter
1767 1846 1840 1912 in
1871 1844 2085 1933 gestis
2110 1843 2348 1912 Karoli
2372 1842 2689 1911 meminit
2716 1839 3141 1923 EinharduS,

569 1987 725 2031 euni
753 1967 833 2031 tle
865 1963 1041 2031 hello
1065 1962 1317 2029 diceret
1348 1961 1712 2029 Slavanico
1755 1962 1944 2049 (Vita
1976 1959 2237 2043 Kar-ol„
2269 1981 2416 2047 cap.
2460 1963 2582 2047 xn)
2616 1980 2630 2026 :
2670 1986 2703 2018 «
2742 1957 2972 2042 SinuS,
3015 1958 3140 2040 ait,

569 2079 845 2167 quidam
881 2079 965 2143 ah
1005 2076 1409 2144 occidentali
1450 2077 1724 2145 Oceano
1754 2098 1993 2142 versus
2027 2075 2363 2143 orientem
2401 2073 2801 2164 porrigitur,
2841 2072 3148 2161 longitu-

573 2195 750 2259 dinis
793 2195 1069 2283 quidem
1107 2192 1572 2282 incompertae,
1623 2189 2005 2258 latitudinis
2048 2212 2238 2274 ver0,
2284 2212 2437 2279 quae
2467 2211 2812 2278 nusquam
2866 2195 3147 2255 centum
3185 2236 3191 2239 -

569 2311 793 2379 millia
837 2331 1167 2395 passuum
1210 2307 1524 2391 excedat,
1565 2329 1724 2374 cum
1774 2306 1847 2372 in
1885 2305 2124 2374 multis
2160 2304 2330 2372 locis
2378 2304 2794 2373 contractior
2841 2303 3149 2370 invenia-

573 2435 703 2491 tur„
745 2455 773 2483 n
809 2427 1037 2511 Hujus
1065 2422 1196 2490 loci
1231 2423 1484 2490 iterum
1508 2422 1832 2489 meminit
1864 2432 2100 2489 noster
2126 2421 2269 2510 (IV,
2322 2423 2429 2503 10,
2470 2420 2577 2509 11)
2603 2442 2809 2509 quem
2844 2418 3147 2508 longiori

573 2539 1065 2607 eumnwntario
1105 2547 1390 2605 exornat
1426 2560 1439 2605 :
1480 2565 1511 2600 «
1556 2536 2080 2628 Explanationis
2122 2559 2314 2604 more
2350 2543 2531 2618 utor,
2567 2536 2685 2617 ait,
2724 2558 2807 2603 ea
2847 2556 2997 2625 quae
3028 2534 3150 2600 ille

573 2679 693 2743 per
721 2655 1206 2743 compendium
1238 2653 1410 2719 dixit
1441 2652 1732 2743 pleniori
1763 2651 2029 2720 calamo
2061 2651 2315 2718 nostris
2347 2651 2626 2719 scienda
2653 2672 3064 2741 proponens.
3106 2678 3142 2712 »

573 2771 777 2840 Sinus
825 2771 1124 2836 &titirus
1150 2769 1168 2803 ¹
1204 2772 1486 2836 vocatur
1518 2768 1697 2859 (quae
1725 2790 1856 2834 vox
1888 2767 1973 2836 ab
2016 2767 2287 2835 Adamo
2324 2767 2626 2859 primum
2664 2766 2797 2834 fuit
2833 2764 3140 2853 usitata),

573 2888 737 2976 quia
789 2896 1116 2976 tanquam
1172 2884 1426 2951 balteus
1482 2884 1554 2950 in
1612 2883 2030 2950 immensum
2080 2894 2405 2952 extensus
2453 2906 2573 2974 per
2630 2882 2984 2972 Scythicas
3036 2904 3152 2948 re·-

573 3004 813 3092 ginnes
857 3024 1070 3092 usque
1115 3000 1184 3066 in
1223 3000 1561 3068 Graeciam
1585 2999 1986 3090 porrigitur,
2031 3000 2350 3090 idemque
2386 3021 2575 3066 mare
2619 3001 2996 3065 Barbarum
3026 3005 3152 3065 aut

561 3120 857 3208 priapus
905 3117 1296 3208 Scythicum
1346 3116 1766 3202 nominatur,
1829 3124 2107 3206 propter
2158 3114 2486 3182 barbaras
2542 3136 2712 3204 quas
2771 3113 2966 3181 alluit
3021 3135 3149 3180 na-

577 3236 793 3300 tiones
817 3236 861 3296 e·
1402 3239 1406 3244 ’
2225 3293 2229 3298 .

665 3348 889 3436 Hujus
937 3347 1144 3412 maris
1178 3346 1472 3414 latitudo
1519 3368 1601 3413 ea
1639 3354 1741 3413 est
1773 3369 1984 3436 quam
2017 3345 2191 3412 dixit
2230 3344 2645 3428 EinharduS‚
2683 3344 2944 3412 scilicet
2995 3365 3149 3434 quae

577 3484 917 3552 nusquam
973 3469 1246 3528 eentum
1296 3460 1516 3527 millia
1577 3484 1911 3550 passuum
1962 3461 2257 3550 (circiter
2288 3462 2416 3528 XX
2460 3460 2678 3527 millia
2726 3459 3148 3549 germanica)

577 3576 885 3644 excedat.
937 3604 969 3636 u:
1009 3576 1082 3641 ln
1115 3575 1351 3642 multis
1380 3575 1552 3643 locis
1589 3575 1782 3643 sinus
1822 3576 2234 3644 contractior
2280 3598 2293 3643 ε
2330 3575 2531 3666 cujus
2571 3575 2655 3643 ab
2694 3576 2970 3644 Oceano
3004 3583 3150 3641 tam

581 3692 853 3760 strietus
889 3691 1232 3757 invenitur
1266 3690 1615 3773 introituS‚
1653 3700 1726 3758 ut
1771 3691 1960 3758 facili
2001 3690 2181 3759 saltu
2215 3714 2337 3781 per
2375 3697 2648 3759 noctem
2687 3689 2973 3758 carbasa
3009 3697 3158 3757 tra-‘

569 3808 925 3896 jieiantur.
993 3808 1183 3872 Idem
1238 3814 1492 3895 pontus
1551 3805 1845 3874 limitem
1899 3808 2253 3874 Danorum
2312 3828 2633 3895 egressus
2681 3806 2817 3873 late
2866 3803 3151 3880 brachia

573 3920 813 3996 tendit,
877 3944 1025 4008 quie
1068 3918 1292 3985 denuo
1342 3891 1686 4009 contrahit
1726 3941 1761 3986 e
1801 3918 2084 4007 regione
2121 3918 2529 3987 Gothorum.
2580 3918 2842 3986 Deinde
2892 3923 3149 4019 qpanto

573 4036 857 4100 interius
889 4036 1103 4116 vadit,
1136 4042 1324 4100 tanto
1358 4034 1565 4101 latius
1603 4026 1768 4101 hine·
1803 4035 1962 4101 inde
1991 4034 2417 4101 diffunditur.
2464 4063 2496 4097 »

665 4148 833 4228 Qua}
897 4148 985 4212 sit
1045 4153 1280 4216 autem
1324 4148 1689 4236 longitudo
1740 4149 1926 4215 illius
1982 4149 2171 4215 sinus
2228 4148 2521 4216 Baltici‘?
2576 4177 2607 4210 «
2685 4149 3151 4230 Quantz'tatem

577 4268 753 4352 ejus,
789 4272 861 4328 ut.
889 4264 1009 4340 ait,
1033 4263 1444 4352 perscrutari
1479 4271 1925 4331 tentaverunt
1954 4265 2194 4331 Danus
2223 4264 2457 4332 Ganuz
2490 4264 2683 4332 Wolf
2707 4273 2775 4331 et
2802 4264 3150 4332 Haraldus

573 4400 717 4460 rex,
761 4380 877 4444 sed
921 4380 1214 4462 frustra3
1261 4401 1425 4446 nam
1455 4379 1675 4446 ventis
1707 4379 1907 4447 fracti
1939 4379 2237 4471 victique
2280 4380 2656 4465 redierunt,
2704 4380 2889 4471 quod
2938 4378 3152 4448 verba

645 4580 685 4624 l.
709 4576 941 4636 Murra-r,
969 4572 1365 4634 Commentatim
1389 4575 1456 4636 II,
1475 4588 1530 4639 p.
1560 4577 1668 4624 132.

641 4656 685 4704 ἓ.
713 4652 861 4712 [simei
885 4666 1084 4701 numen
1096 4653 1239 4702 Mar-e
1253 4654 1549 4704 Barbarum
1567 4655 1673 4704 sive
1696 4654 1989 4718 scythicum
2005 4669 2177 4718 usque
2193 4655 2260 4705 ad
2277 4657 2431 4707 XVum
2453 4656 2696 4706 seculum
2714 4656 2778 4706 de
2799 4656 3000 4706 Baltico
3013 4656 3155 4706 mari

578 4740 893 4796 ‘tisun-patula
921 4732 997 4780 Cf.
1033 4732 1220 4796 Hamy‚
1247 4733 1486 4798 oriqines
1507 4732 1572 4784 de
1598 4733 1652 4784 la
1672 4734 2047 4798 cartofflaphie
2070 4734 2134 4785 de
2159 4735 2409 4800 l’Europe
2431 4737 2858 4799 septentrionale,
2888 4751 2941 4800 p.
2975 4739 3086 4787 396.
