<?xml version="1.0" encoding="UTF-8"?>
<!DOCTYPE html PUBLIC "-//W3C//DTD XHTML 1.0 Transitional//EN"
    "http://www.w3.org/TR/xhtml1/DTD/xhtml1-transitional.dtd">
<html xmlns="http://www.w3.org/1999/xhtml" xml:lang="en" lang="en">
 <head>
  <title>
</title>
<meta http-equiv="Content-Type" content="text/html;charset=utf-8" />
  <meta name='ocr-system' content='tesseract 3.04.00' />
  <meta name='ocr-capabilities' content='ocr_page ocr_carea ocr_par ocr_line ocrx_word'/>
</head>
<body>
  <div class='ocr_page' id='page_1' title='image "./deadamobremensi00berngoog_0059.png"; bbox 0 0 3609 5675; ppageno 0'>
   <div class='ocr_carea' id='block_1_1' title="bbox 1856 0 2461 2">
    <p class='ocr_par' dir='ltr' id='par_1_1' title="bbox 1856 0 2461 2">
     <span class='ocr_line' id='line_1_1' title="bbox 1856 0 2461 2; baseline 0 0"><span class='ocrx_word' id='word_1_1' title='bbox 1856 0 2461 2; x_wconf 95' lang='lat' dir='ltr'> </span> 
     </span>
    </p>
   </div>
   <div class='ocr_carea' id='block_1_2' title="bbox 1299 1436 2169 1558">
    <p class='ocr_par' dir='ltr' id='par_1_2' title="bbox 1299 1436 2169 1558">
     <span class='ocr_line' id='line_1_2' title="bbox 1299 1436 2169 1558; baseline 0.002 -27"><span class='ocrx_word' id='word_1_2' title='bbox 1299 1443 1617 1558; x_wconf 67' lang='lat' dir='ltr'><strong>PARS</strong></span> <span class='ocrx_word' id='word_1_3' title='bbox 1690 1436 2169 1533; x_wconf 70' lang='lat' dir='ltr'><strong>TERTIA</strong></span> 
     </span>
    </p>
   </div>
   <div class='ocr_carea' id='block_1_3' title="bbox 1336 1939 2138 2040">
    <p class='ocr_par' dir='ltr' id='par_1_3' title="bbox 1336 1939 2138 2040">
     <span class='ocr_line' id='line_1_3' title="bbox 1336 1939 2138 2040; baseline -0.004 0"><span class='ocrx_word' id='word_1_4' title='bbox 1336 1939 1663 2040; x_wconf 75' lang='lat' dir='ltr'><strong>CAPUT</strong></span> <span class='ocrx_word' id='word_1_5' title='bbox 1730 1966 2138 2040; x_wconf 81' lang='lat' dir='ltr'>PRIMUM</span> 
     </span>
    </p>
   </div>
   <div class='ocr_carea' id='block_1_4' title="bbox 1236 2175 2229 2226">
    <p class='ocr_par' dir='ltr' id='par_1_4' title="bbox 1236 2175 2229 2226">
     <span class='ocr_line' id='line_1_4' title="bbox 1236 2175 2229 2226; baseline 0 -1"><span class='ocrx_word' id='word_1_6' title='bbox 1236 2176 1319 2225; x_wconf 88' lang='lat' dir='ltr'>DE</span> <span class='ocrx_word' id='word_1_7' title='bbox 1385 2175 1615 2226; x_wconf 80' lang='lat' dir='ltr'>ADAMI</span> <span class='ocrx_word' id='word_1_8' title='bbox 1684 2176 2229 2226; x_wconf 80' lang='lat' dir='ltr'>TOPOGRAPHIA.</span> 
     </span>
    </p>
   </div>
   <div class='ocr_carea' id='block_1_5' title="bbox 434 2443 3021 4847">
    <p class='ocr_par' dir='ltr' id='par_1_5' title="bbox 436 2443 3021 3459">
     <span class='ocr_line' id='line_1_5' title="bbox 534 2443 3020 2534; baseline 0 -24"><span class='ocrx_word' id='word_1_9' title='bbox 534 2443 689 2510; x_wconf 91' lang='lat' dir='ltr'>Non</span> <span class='ocrx_word' id='word_1_10' title='bbox 738 2463 820 2511; x_wconf 88' lang='lat' dir='ltr'>ea</span> <span class='ocrx_word' id='word_1_11' title='bbox 850 2444 1195 2534; x_wconf 60' lang='lat' dir='ltr'>praecipua</span> <span class='ocrx_word' id='word_1_12' title='bbox 1230 2443 1382 2511; x_wconf 88' lang='lat' dir='ltr'>laus</span> <span class='ocrx_word' id='word_1_13' title='bbox 1424 2452 1530 2511; x_wconf 90' lang='lat' dir='ltr'>est</span> <span class='ocrx_word' id='word_1_14' title='bbox 1561 2444 1815 2511; x_wconf 89' lang='lat' dir='ltr'>Adami</span> <span class='ocrx_word' id='word_1_15' title='bbox 1856 2444 2262 2534; x_wconf 80' lang='lat' dir='ltr'>geographi,</span> <span class='ocrx_word' id='word_1_16' title='bbox 2319 2444 2502 2534; x_wconf 90' lang='lat' dir='ltr'>quod</span> <span class='ocrx_word' id='word_1_17' title='bbox 2552 2443 2634 2512; x_wconf 92' lang='lat' dir='ltr'>de</span> <span class='ocrx_word' id='word_1_18' title='bbox 2671 2444 3020 2513; x_wconf 88' lang='lat' dir='ltr'><strong>nonnullis</strong></span> 
     </span>
     <span class='ocr_line' id='line_1_6' title="bbox 437 2557 3021 2651; baseline 0 -25"><span class='ocrx_word' id='word_1_19' title='bbox 437 2557 649 2626; x_wconf 88' lang='lat' dir='ltr'>rebus</span> <span class='ocrx_word' id='word_1_20' title='bbox 702 2558 1005 2651; x_wconf 83' lang='lat' dir='ltr'><strong>physicis</strong></span> <span class='ocrx_word' id='word_1_21' title='bbox 1047 2559 1394 2638; x_wconf 83' lang='lat' dir='ltr'>disseruit,</span> <span class='ocrx_word' id='word_1_22' title='bbox 1451 2581 1623 2649; x_wconf 88' lang='lat' dir='ltr'>quas</span> <span class='ocrx_word' id='word_1_23' title='bbox 1659 2558 1943 2649; x_wconf 89' lang='lat' dir='ltr'>quidem</span> <span class='ocrx_word' id='word_1_24' title='bbox 1988 2560 2107 2627; x_wconf 90' lang='lat' dir='ltr'>vix</span> <span class='ocrx_word' id='word_1_25' title='bbox 2147 2582 2378 2641; x_wconf 89' lang='lat' dir='ltr'>nosse,</span> <span class='ocrx_word' id='word_1_26' title='bbox 2419 2560 2816 2628; x_wconf 85' lang='lat' dir='ltr'>nullatenus</span> <span class='ocrx_word' id='word_1_27' title='bbox 2869 2583 3021 2651; x_wconf 88' lang='lat' dir='ltr'>pro-</span> 
     </span>
     <span class='ocr_line' id='line_1_7' title="bbox 439 2673 3021 2764; baseline 0.001 -24"><span class='ocrx_word' id='word_1_28' title='bbox 439 2673 611 2764; x_wconf 89' lang='lat' dir='ltr'>priis</span> <span class='ocrx_word' id='word_1_29' title='bbox 651 2673 1078 2764; x_wconf 80' lang='lat' dir='ltr'>argumentis</span> <span class='ocrx_word' id='word_1_30' title='bbox 1129 2675 1496 2764; x_wconf 87' lang='lat' dir='ltr'>explanare</span> <span class='ocrx_word' id='word_1_31' title='bbox 1540 2680 1831 2764; x_wconf 86' lang='lat' dir='ltr'>poterat.</span> <span class='ocrx_word' id='word_1_32' title='bbox 1870 2673 2453 2764; x_wconf 88' lang='lat' dir='ltr'>Septentrionales</span> <span class='ocrx_word' id='word_1_33' title='bbox 2500 2696 2660 2743; x_wconf 88' lang='lat' dir='ltr'>vero</span> <span class='ocrx_word' id='word_1_34' title='bbox 2699 2675 3021 2764; x_wconf 84' lang='lat' dir='ltr'>regiones</span> 
     </span>
     <span class='ocr_line' id='line_1_8' title="bbox 438 2789 3019 2883; baseline 0 -25"><span class='ocrx_word' id='word_1_35' title='bbox 438 2811 818 2881; x_wconf 88' lang='lat' dir='ltr'>earumque</span> <span class='ocrx_word' id='word_1_36' title='bbox 883 2790 1141 2859; x_wconf 87' lang='lat' dir='ltr'>incolas</span> <span class='ocrx_word' id='word_1_37' title='bbox 1199 2796 1441 2882; x_wconf 88' lang='lat' dir='ltr'>suopte</span> <span class='ocrx_word' id='word_1_38' title='bbox 1505 2790 1787 2880; x_wconf 89' lang='lat' dir='ltr'>ingenio</span> <span class='ocrx_word' id='word_1_39' title='bbox 1836 2789 2132 2882; x_wconf 89' lang='lat' dir='ltr'>lepidius</span> <span class='ocrx_word' id='word_1_40' title='bbox 2193 2790 2537 2860; x_wconf 77' lang='lat' dir='ltr'>describit.</span> <span class='ocrx_word' id='word_1_41' title='bbox 2600 2791 3019 2883; x_wconf 79' lang='lat' dir='ltr'>Priusquam</span> 
     </span>
     <span class='ocr_line' id='line_1_9' title="bbox 438 2895 3020 2999; baseline 0.002 -28"><span class='ocrx_word' id='word_1_42' title='bbox 438 2905 596 2973; x_wconf 87' lang='lat' dir='ltr'>illas</span> <span class='ocrx_word' id='word_1_43' title='bbox 652 2906 1150 2996; x_wconf 81' lang='lat' dir='ltr'>geographicas</span> <span class='ocrx_word' id='word_1_44' title='bbox 1197 2906 1691 2997; x_wconf 84' lang='lat' dir='ltr'>descriptiones</span> <span class='ocrx_word' id='word_1_45' title='bbox 1739 2915 1806 2973; x_wconf 91' lang='lat' dir='ltr'>et</span> <span class='ocrx_word' id='word_1_46' title='bbox 1861 2907 2143 2974; x_wconf 80' lang='lat' dir='ltr'>notitias</span> <span class='ocrx_word' id='word_1_47' title='bbox 2192 2908 2474 2999; x_wconf 91' lang='lat' dir='ltr'>propius</span> <span class='ocrx_word' id='word_1_48' title='bbox 2520 2895 3020 2976; x_wconf 80' lang='lat' dir='ltr'>contrectemus</span> 
     </span>
     <span class='ocr_line' id='line_1_10' title="bbox 439 3021 3015 3112; baseline 0 -24"><span class='ocrx_word' id='word_1_49' title='bbox 439 3042 522 3088; x_wconf 89' lang='lat' dir='ltr'>ac</span> <span class='ocrx_word' id='word_1_50' title='bbox 575 3021 802 3110; x_wconf 91' lang='lat' dir='ltr'>magis</span> <span class='ocrx_word' id='word_1_51' title='bbox 841 3021 1359 3112; x_wconf 82' lang='lat' dir='ltr'>perspiciamuS,</span> <span class='ocrx_word' id='word_1_52' title='bbox 1431 3028 1613 3088; x_wconf 90' lang='lat' dir='ltr'>nunc</span> <span class='ocrx_word' id='word_1_53' title='bbox 1671 3022 2017 3110; x_wconf 91' lang='lat' dir='ltr'>quomodo</span> <span class='ocrx_word' id='word_1_54' title='bbox 2082 3028 2317 3090; x_wconf 90' lang='lat' dir='ltr'>noster</span> <span class='ocrx_word' id='word_1_55' title='bbox 2385 3045 2625 3090; x_wconf 87' lang='lat' dir='ltr'>omnes</span> <span class='ocrx_word' id='word_1_56' title='bbox 2691 3024 3015 3112; x_wconf 80' lang='lat' dir='ltr'>regiones</span> 
     </span>
     <span class='ocr_line' id='line_1_11' title="bbox 436 3135 3017 3227; baseline -0.001 -20"><span class='ocrx_word' id='word_1_57' title='bbox 436 3135 749 3207; x_wconf 87' lang='lat' dir='ltr'>boreales</span> <span class='ocrx_word' id='word_1_58' title='bbox 803 3137 1264 3205; x_wconf 88' lang='lat' dir='ltr'>communiter</span> <span class='ocrx_word' id='word_1_59' title='bbox 1301 3136 1816 3227; x_wconf 83' lang='lat' dir='ltr'>complectatur,</span> <span class='ocrx_word' id='word_1_60' title='bbox 1868 3159 2003 3226; x_wconf 86' lang='lat' dir='ltr'>qua</span> <span class='ocrx_word' id='word_1_61' title='bbox 2043 3138 2310 3205; x_wconf 90' lang='lat' dir='ltr'>ratione</span> <span class='ocrx_word' id='word_1_62' title='bbox 2351 3161 2466 3207; x_wconf 87' lang='lat' dir='ltr'>cas</span> <span class='ocrx_word' id='word_1_63' title='bbox 2515 3138 2692 3206; x_wconf 89' lang='lat' dir='ltr'>inter</span> <span class='ocrx_word' id='word_1_64' title='bbox 2736 3160 2807 3205; x_wconf 89' lang='lat' dir='ltr'>se</span> <span class='ocrx_word' id='word_1_65' title='bbox 2858 3161 3017 3206; x_wconf 93' lang='lat' dir='ltr'>con-</span> 
     </span>
     <span class='ocr_line' id='line_1_12' title="bbox 437 3251 3010 3344; baseline 0.001 -28"><span class='ocrx_word' id='word_1_66' title='bbox 437 3273 689 3340; x_wconf 88' lang='lat' dir='ltr'>gruere</span> <span class='ocrx_word' id='word_1_67' title='bbox 729 3252 1250 3336; x_wconf 84' lang='lat' dir='ltr'>existimaverit,</span> <span class='ocrx_word' id='word_1_68' title='bbox 1290 3275 1427 3343; x_wconf 92' lang='lat' dir='ltr'>quo</span> <span class='ocrx_word' id='word_1_69' title='bbox 1467 3260 1664 3343; x_wconf 86' lang='lat' dir='ltr'>pacto</span> <span class='ocrx_word' id='word_1_70' title='bbox 1697 3274 1777 3320; x_wconf 88' lang='lat' dir='ltr'>ea</span> <span class='ocrx_word' id='word_1_71' title='bbox 1807 3251 2291 3320; x_wconf 86' lang='lat' dir='ltr'>constrinxerit</span> <span class='ocrx_word' id='word_1_72' title='bbox 2321 3262 2387 3320; x_wconf 91' lang='lat' dir='ltr'>et</span> <span class='ocrx_word' id='word_1_73' title='bbox 2414 3254 2609 3344; x_wconf 90' lang='lat' dir='ltr'>quasi</span> <span class='ocrx_word' id='word_1_74' title='bbox 2640 3275 3010 3343; x_wconf 89' lang='lat' dir='ltr'>coagmen-</span> 
     </span>
     <span class='ocr_line' id='line_1_13' title="bbox 438 3366 1654 3459; baseline 0.002 -25"><span class='ocrx_word' id='word_1_75' title='bbox 438 3366 714 3451; x_wconf 87' lang='lat' dir='ltr'>taverit,</span> <span class='ocrx_word' id='word_1_76' title='bbox 754 3374 1025 3459; x_wconf 87' lang='lat' dir='ltr'>oportet</span> <span class='ocrx_word' id='word_1_77' title='bbox 1061 3368 1430 3459; x_wconf 88' lang='lat' dir='ltr'>inquirere.</span> <span class='ocrx_word' id='word_1_78' title='bbox 1649 3371 1654 3379; x_wconf 78' lang='grc'>’</span> 
     </span>
    </p>

    <p class='ocr_par' dir='ltr' id='par_1_6' title="bbox 434 3483 3015 4594">
     <span class='ocr_line' id='line_1_14' title="bbox 529 3483 3012 3576; baseline -0 -21"><span class='ocrx_word' id='word_1_79' title='bbox 529 3483 1174 3568; x_wconf 82' lang='lat' dir='ltr'>VerumenimverO,</span> <span class='ocrx_word' id='word_1_80' title='bbox 1257 3507 1468 3574; x_wconf 89' lang='lat' dir='ltr'>quam</span> <span class='ocrx_word' id='word_1_81' title='bbox 1546 3485 1676 3553; x_wconf 92' lang='lat' dir='ltr'>sibi</span> <span class='ocrx_word' id='word_1_82' title='bbox 1758 3486 2073 3554; x_wconf 89' lang='lat' dir='ltr'>Adamus</span> <span class='ocrx_word' id='word_1_83' title='bbox 2152 3486 2428 3554; x_wconf 88' lang='lat' dir='ltr'>finxerit</span> <span class='ocrx_word' id='word_1_84' title='bbox 2490 3486 2869 3576; x_wconf 91' lang='lat' dir='ltr'>imaginem</span> <span class='ocrx_word' id='word_1_85' title='bbox 2945 3489 3012 3554; x_wconf 87' lang='lat' dir='ltr'>in</span> 
     </span>
     <span class='ocr_line' id='line_1_15' title="bbox 437 3599 3008 3689; baseline 0 -21"><span class='ocrx_word' id='word_1_86' title='bbox 437 3601 674 3669; x_wconf 87' lang='lat' dir='ltr'>tabula</span> <span class='ocrx_word' id='word_1_87' title='bbox 735 3599 1203 3689; x_wconf 88' lang='lat' dir='ltr'>geographica</span> <span class='ocrx_word' id='word_1_88' title='bbox 1264 3599 1611 3668; x_wconf 89' lang='lat' dir='ltr'>delineare</span> <span class='ocrx_word' id='word_1_89' title='bbox 1667 3602 1977 3670; x_wconf 89' lang='lat' dir='ltr'>maxima</span> <span class='ocrx_word' id='word_1_90' title='bbox 2050 3601 2457 3672; x_wconf 85' lang='lat' dir='ltr'>difficultate</span> <span class='ocrx_word' id='word_1_91' title='bbox 2525 3625 2663 3670; x_wconf 89' lang='lat' dir='ltr'>non</span> <span class='ocrx_word' id='word_1_92' title='bbox 2721 3614 3008 3688; x_wconf 89' lang='lat' dir='ltr'>careret,</span> 
     </span>
     <span class='ocr_line' id='line_1_16' title="bbox 440 3713 3015 3809; baseline 0.001 -26"><span class='ocrx_word' id='word_1_93' title='bbox 440 3716 642 3807; x_wconf 87' lang='lat' dir='ltr'>eique</span> <span class='ocrx_word' id='word_1_94' title='bbox 685 3713 989 3805; x_wconf 88' lang='lat' dir='ltr'>pressius</span> <span class='ocrx_word' id='word_1_95' title='bbox 1041 3714 1358 3782; x_wconf 89' lang='lat' dir='ltr'>insistere</span> <span class='ocrx_word' id='word_1_96' title='bbox 1400 3716 1680 3784; x_wconf 90' lang='lat' dir='ltr'>omnino</span> <span class='ocrx_word' id='word_1_97' title='bbox 1725 3739 1987 3785; x_wconf 85' lang='lat' dir='ltr'>vanum</span> <span class='ocrx_word' id='word_1_98' title='bbox 2025 3717 2225 3798; x_wconf 88' lang='lat' dir='ltr'>foret,</span> <span class='ocrx_word' id='word_1_99' title='bbox 2284 3718 2533 3808; x_wconf 89' lang='lat' dir='ltr'>quippe</span> <span class='ocrx_word' id='word_1_100' title='bbox 2574 3717 2688 3809; x_wconf 93' lang='lat' dir='ltr'>qui</span> <span class='ocrx_word' id='word_1_101' title='bbox 2737 3721 3015 3809; x_wconf 87' lang='lat' dir='ltr'>propria</span> 
     </span>
     <span class='ocr_line' id='line_1_17' title="bbox 436 3828 3015 3921; baseline 0 -22"><span class='ocrx_word' id='word_1_102' title='bbox 436 3841 668 3898; x_wconf 88' lang='lat' dir='ltr'>mente</span> <span class='ocrx_word' id='word_1_103' title='bbox 698 3851 839 3896; x_wconf 90' lang='lat' dir='ltr'>non</span> <span class='ocrx_word' id='word_1_104' title='bbox 868 3828 1084 3895; x_wconf 89' lang='lat' dir='ltr'>nitide</span> <span class='ocrx_word' id='word_1_105' title='bbox 1103 3831 1386 3897; x_wconf 89' lang='lat' dir='ltr'>omnino</span> <span class='ocrx_word' id='word_1_106' title='bbox 1406 3852 1626 3921; x_wconf 89' lang='lat' dir='ltr'>neque</span> <span class='ocrx_word' id='word_1_107' title='bbox 1655 3831 1954 3900; x_wconf 89' lang='lat' dir='ltr'>dilucide</span> <span class='ocrx_word' id='word_1_108' title='bbox 1984 3833 2648 3900; x_wconf 84' lang='lat' dir='ltr'>eaminformaverit.</span> <span class='ocrx_word' id='word_1_109' title='bbox 2684 3833 3015 3900; x_wconf 89' lang='lat' dir='ltr'>Attamen</span> 
     </span>
     <span class='ocr_line' id='line_1_18' title="bbox 435 3945 3014 4038; baseline 0.001 -25"><span class='ocrx_word' id='word_1_110' title='bbox 435 3946 618 4014; x_wconf 89' lang='lat' dir='ltr'>inter</span> <span class='ocrx_word' id='word_1_111' title='bbox 667 3968 741 4012; x_wconf 89' lang='lat' dir='ltr'>se</span> <span class='ocrx_word' id='word_1_112' title='bbox 789 3966 1029 4012; x_wconf 88' lang='lat' dir='ltr'>revera</span> <span class='ocrx_word' id='word_1_113' title='bbox 1071 3945 1275 4034; x_wconf 87' lang='lat' dir='ltr'>plane</span> <span class='ocrx_word' id='word_1_114' title='bbox 1325 3946 1673 4014; x_wconf 84' lang='lat' dir='ltr'>cohaerent</span> <span class='ocrx_word' id='word_1_115' title='bbox 1717 3950 1870 4038; x_wconf 85' lang='lat' dir='ltr'>ejus</span> <span class='ocrx_word' id='word_1_116' title='bbox 1914 3947 2223 4033; x_wconf 90' lang='lat' dir='ltr'>consilia,</span> <span class='ocrx_word' id='word_1_117' title='bbox 2279 3956 2345 4014; x_wconf 93' lang='lat' dir='ltr'>et</span> <span class='ocrx_word' id='word_1_118' title='bbox 2382 3947 2546 4038; x_wconf 88' lang='lat' dir='ltr'>quid</span> <span class='ocrx_word' id='word_1_119' title='bbox 2585 3948 2660 4014; x_wconf 94' lang='lat' dir='ltr'>in</span> <span class='ocrx_word' id='word_1_120' title='bbox 2701 3948 2800 4016; x_wconf 88' lang='lat' dir='ltr'>eis</span> <span class='ocrx_word' id='word_1_121' title='bbox 2846 3949 3014 4016; x_wconf 91' lang='lat' dir='ltr'>emi-</span> 
     </span>
     <span class='ocr_line' id='line_1_19' title="bbox 434 4060 3015 4153; baseline 0 -23"><span class='ocrx_word' id='word_1_122' title='bbox 434 4069 599 4130; x_wconf 91' lang='lat' dir='ltr'>neat</span> <span class='ocrx_word' id='word_1_123' title='bbox 655 4060 963 4129; x_wconf 82' lang='lat' dir='ltr'>invenire</span> <span class='ocrx_word' id='word_1_124' title='bbox 1026 4082 1422 4149; x_wconf 82' lang='lat' dir='ltr'>possumuS.</span> <span class='ocrx_word' id='word_1_125' title='bbox 1491 4062 1772 4129; x_wconf 90' lang='lat' dir='ltr'>Etenim</span> <span class='ocrx_word' id='word_1_126' title='bbox 1840 4085 1982 4130; x_wconf 89' lang='lat' dir='ltr'>non</span> <span class='ocrx_word' id='word_1_127' title='bbox 2043 4063 2252 4129; x_wconf 94' lang='lat' dir='ltr'>modo</span> <span class='ocrx_word' id='word_1_128' title='bbox 2316 4062 2620 4130; x_wconf 90' lang='lat' dir='ltr'>minores</span> <span class='ocrx_word' id='word_1_129' title='bbox 2680 4064 3015 4153; x_wconf 88' lang='lat' dir='ltr'>quasdam</span> 
     </span>
     <span class='ocr_line' id='line_1_20' title="bbox 437 4156 3013 4269; baseline 0.001 -24"><span class='ocrx_word' id='word_1_130' title='bbox 437 4178 762 4267; x_wconf 87' lang='lat' dir='ltr'>regiones</span> <span class='ocrx_word' id='word_1_131' title='bbox 847 4196 1008 4242; x_wconf 90' lang='lat' dir='ltr'>vere</span> <span class='ocrx_word' id='word_1_132' title='bbox 1092 4177 1457 4265; x_wconf 90' lang='lat' dir='ltr'>expressit,</span> <span class='ocrx_word' id='word_1_133' title='bbox 1543 4178 1662 4245; x_wconf 89' lang='lat' dir='ltr'>sed</span> <span class='ocrx_word' id='word_1_134' title='bbox 1745 4156 2152 4257; x_wconf 79' lang='lat' dir='ltr'>identidem,</span> <span class='ocrx_word' id='word_1_135' title='bbox 2225 4178 2301 4244; x_wconf 92' lang='lat' dir='ltr'>in</span> <span class='ocrx_word' id='word_1_136' title='bbox 2364 4177 2645 4245; x_wconf 88' lang='lat' dir='ltr'>scholiis</span> <span class='ocrx_word' id='word_1_137' title='bbox 2725 4201 3013 4269; x_wconf 82' lang='lat' dir='ltr'>praeser-</span> 
     </span>
     <span class='ocr_line' id='line_1_21' title="bbox 438 4291 3015 4384; baseline 0.001 -24"><span class='ocrx_word' id='word_1_138' title='bbox 438 4294 587 4379; x_wconf 89' lang='lat' dir='ltr'>tim,</span> <span class='ocrx_word' id='word_1_139' title='bbox 653 4294 1078 4384; x_wconf 90' lang='lat' dir='ltr'>populorum</span> <span class='ocrx_word' id='word_1_140' title='bbox 1133 4293 1344 4360; x_wconf 89' lang='lat' dir='ltr'>etiam</span> <span class='ocrx_word' id='word_1_141' title='bbox 1401 4291 1613 4360; x_wconf 89' lang='lat' dir='ltr'>situm</span> <span class='ocrx_word' id='word_1_142' title='bbox 1655 4293 1911 4361; x_wconf 89' lang='lat' dir='ltr'>mirum</span> <span class='ocrx_word' id='word_1_143' title='bbox 1958 4293 2028 4361; x_wconf 91' lang='lat' dir='ltr'>in</span> <span class='ocrx_word' id='word_1_144' title='bbox 2077 4293 2364 4360; x_wconf 91' lang='lat' dir='ltr'>modum</span> <span class='ocrx_word' id='word_1_145' title='bbox 2398 4293 2863 4376; x_wconf 88' lang='lat' dir='ltr'>discriminat;</span> <span class='ocrx_word' id='word_1_146' title='bbox 2907 4296 3015 4363; x_wconf 92' lang='lat' dir='ltr'>in-</span> 
     </span>
     <span class='ocr_line' id='line_1_22' title="bbox 442 4408 3010 4501; baseline 0.001 -25"><span class='ocrx_word' id='word_1_147' title='bbox 442 4432 650 4500; x_wconf 90' lang='lat' dir='ltr'>super</span> <span class='ocrx_word' id='word_1_148' title='bbox 737 4410 1177 4501; x_wconf 89' lang='lat' dir='ltr'>disciplinam</span> <span class='ocrx_word' id='word_1_149' title='bbox 1244 4408 1787 4500; x_wconf 88' lang='lat' dir='ltr'>geographicam</span> <span class='ocrx_word' id='word_1_150' title='bbox 1851 4408 1982 4477; x_wconf 90' lang='lat' dir='ltr'>sibi</span> <span class='ocrx_word' id='word_1_151' title='bbox 2053 4409 2248 4476; x_wconf 87' lang='lat' dir='ltr'>finxit</span> <span class='ocrx_word' id='word_1_152' title='bbox 2315 4433 2356 4478; x_wconf 88' lang='lat' dir='ltr'>a</span> <span class='ocrx_word' id='word_1_153' title='bbox 2417 4433 2553 4500; x_wconf 90' lang='lat' dir='ltr'>qua</span> <span class='ocrx_word' id='word_1_154' title='bbox 2618 4411 3010 4479; x_wconf 87' lang='lat' dir='ltr'>nullatenus</span> 
     </span>
     <span class='ocr_line' id='line_1_23' title="bbox 440 4525 780 4594; baseline -0.006 -1"><span class='ocrx_word' id='word_1_155' title='bbox 440 4525 780 4594; x_wconf 87' lang='lat' dir='ltr'>discessit.</span> 
     </span>
    </p>

    <p class='ocr_par' dir='ltr' id='par_1_7' title="bbox 437 4639 3014 4847">
     <span class='ocr_line' id='line_1_24' title="bbox 527 4639 3014 4733; baseline 0.001 -25"><span class='ocrx_word' id='word_1_156' title='bbox 527 4641 631 4709; x_wconf 89' lang='lat' dir='ltr'>Ac</span> <span class='ocrx_word' id='word_1_157' title='bbox 677 4640 904 4730; x_wconf 87' lang='lat' dir='ltr'>primo</span> <span class='ocrx_word' id='word_1_158' title='bbox 944 4640 1380 4710; x_wconf 86' lang='lat' dir='ltr'>Scandinavii</span> <span class='ocrx_word' id='word_1_159' title='bbox 1424 4649 1676 4719; x_wconf 82' lang='lat' dir='ltr'>nautae,</span> <span class='ocrx_word' id='word_1_160' title='bbox 1729 4639 1978 4708; x_wconf 90' lang='lat' dir='ltr'>Adami</span> <span class='ocrx_word' id='word_1_161' title='bbox 2018 4640 2257 4726; x_wconf 80' lang='lat' dir='ltr'>coaevi,</span> <span class='ocrx_word' id='word_1_162' title='bbox 2293 4640 2573 4710; x_wconf 88' lang='lat' dir='ltr'>incertis</span> <span class='ocrx_word' id='word_1_163' title='bbox 2606 4643 2884 4733; x_wconf 90' lang='lat' dir='ltr'>quidem</span> <span class='ocrx_word' id='word_1_164' title='bbox 2928 4643 3014 4712; x_wconf 91' lang='lat' dir='ltr'>ad</span> 
     </span>
     <span class='ocr_line' id='line_1_25' title="bbox 437 4754 3009 4847; baseline 0.002 -26"><span class='ocrx_word' id='word_1_165' title='bbox 437 4755 752 4824; x_wconf 90' lang='lat' dir='ltr'>locorum</span> <span class='ocrx_word' id='word_1_166' title='bbox 783 4756 1003 4844; x_wconf 26' lang='lat' dir='ltr'>,situm</span> <span class='ocrx_word' id='word_1_167' title='bbox 1057 4754 1661 4823; x_wconf 87' lang='lat' dir='ltr'>determinandum</span> <span class='ocrx_word' id='word_1_168' title='bbox 1709 4755 2093 4823; x_wconf 87' lang='lat' dir='ltr'>rationibus</span> <span class='ocrx_word' id='word_1_169' title='bbox 2144 4756 2533 4824; x_wconf 89' lang='lat' dir='ltr'>utebantur.</span> <span class='ocrx_word' id='word_1_170' title='bbox 2594 4758 2773 4826; x_wconf 87' lang='lat' dir='ltr'>Sane</span> <span class='ocrx_word' id='word_1_171' title='bbox 2826 4758 3009 4847; x_wconf 89' lang='lat' dir='ltr'>quod</span> 
     </span>
    </p>
   </div>
  </div>
 </body>
</html>
