3609 5675
1443 1365 1781 1439 CAPUT
1856 1366 1923 1437 ll

865 1576 940 1625 DE
982 1573 1174 1624 ADAMI
1219 1573 1525 1625 FONTIBUS
1566 1574 2013 1625 GEOGRAPHICIS
2055 1574 2175 1625 ORE
2215 1574 2506 1626 TRADITIS

1473 1681 1548 1732 ET
1591 1681 1887 1734 SCRIPTIS.

486 1976 643 2045 Sive
701 1974 992 2053 Bremae,
1049 1977 1190 2043 sive
1249 1973 1322 2041 in
1369 1973 1617 2058 Dania,
1676 1975 2023 2065 quoslibet
2077 1975 2322 2065 dignos
2381 1975 2514 2043 fide
2565 1973 2777 2058 viroS,
2849 1973 2966 2064 qui

397 2095 626 2186 ipsum
666 2094 750 2162 de
798 2093 1200 2185 regionibus
1250 2102 1316 2161 et
1345 2093 1620 2185 populis
1655 2094 2289 2184 Hammaburgensi
2322 2093 2625 2163 ecclesiae
2678 2090 2969 2159 subditis

396 2210 762 2280 certiorem
786 2209 1008 2279 facere
1037 2209 1821 2300 possent·interrogavit
1855 2211 2204 2290 Adamus3
2251 2233 2400 2302 quae
2453 2210 2865 2277 documenta
2905 2213 2973 2274 et

396 2326 799 2395 traditiones
829 2326 1054 2416 magis
1096 2324 1544 2416 geographiae
1563 2347 1771 2417 quam
1800 2325 2110 2394 historiae
2128 2326 2520 2395 necessario
2539 2323 2962 2418 profuerunt.

397 2443 584 2511 Inter
635 2452 843 2510 testes
885 2464 925 2510 a
974 2464 1046 2510 se
1096 2440 1447 2510 adhibitos
1486 2441 1649 2509 citat
1685 2442 2047 2511 Adamus:
2116 2444 2511 2510 Danensem
2568 2439 2971 2531 episcopum

396 2557 788 2646 quemdam,
851 2557 1047 2646 cujus
1104 2577 1359 2624 nomen
1403 2555 1658 2623 omittit
1711 2556 1794 2646 (l,
1847 2559 1988 2643 59);
2044 2556 2346 2625 nobilem
2393 2553 2965 2643 Nordalbingium

395 2672 549 2759 (III,
592 2676 743 2762 21);
778 2671 1065 2739 comites
1091 2672 1392 2763 episcopi
1423 2671 1819 2740 Adalwardi
1851 2672 2155 2762 junioris
2187 2693 2361 2763 quos
2397 2671 2480 2738 de
2510 2670 2719 2738 rebus
2752 2669 2969 2737 Sicto-

394 2811 499 2857 nae
520 2790 736 2879 gestis
775 2787 1227 2880 interrogavit
1262 2787 1405 2879 (IV,
1452 2786 1607 2877 29);
1639 2788 2093 2856 christianum
2120 2787 2495 2879 quemdam
2517 2785 2633 2879 qui
2668 2805 2970 2877 pagano-

392 2928 550 2973 rum
603 2904 941 2973 sacrificia
978 2904 1253 2995 Upsalae
1306 2904 1571 2973 viderat
1611 2903 1755 2995 (IV,
1792 2906 1932 2994 27).
1977 2905 2296 2972 Profecto
2343 2903 2564 2971 multa
2610 2901 2849 2969 didicit
2881 2901 2967 2970 ab

394 3020 804 3088 Adalwardo
845 3028 1012 3088 natu
1059 3023 1348 3112 majore,
1388 3021 1505 3112 qui
1550 3021 1819 3087 Bremae
1851 3020 2157 3089 decanus
2189 3026 2359 3102 erat,
2402 3018 2592 3109 prius
2622 3039 2786 3086 vero
2827 3016 2965 3085 Go-

394 3137 672 3204 thorum
695 3135 766 3203 in
788 3136 1034 3205 Suecia
1056 3137 1418 3226 episcopus
1445 3136 1635 3226 (Ad.,
1662 3135 1787 3216 III,
1824 3136 1941 3216 14;
1972 3135 2094 3221 IV,
2124 3136 2231 3221 23)
2258 3156 2273 3217 3
2305 3135 2471 3202 item
2497 3130 2967 3201 verisimiliter

392 3275 433 3319 a
459 3251 854 3338 Guillelmo,
884 3251 1177 3342 Anglico
1209 3273 1490 3340 genere,
1523 3250 1862 3318 Selandiae
1892 3250 2236 3342 episcop0‚
2275 3249 2392 3340 qui
2427 3248 2690 3318 Kanuti
2726 3246 2967 3337 Magni

394 3369 616 3435 fuerat
654 3367 1125 3449 cancellariae,
1172 3375 1238 3434 et
1277 3389 1414 3457 quo
1454 3390 1577 3435 rex
1617 3366 1823 3436 S'uein
1862 3365 2298 3434 familiariter
2340 3365 2661 3434 utebatur
2694 3383 2711 3431 z
2744 3363 2963 3431 Adal-

383 3482 561 3550 berti
595 3503 758 3551 vero
800 3489 868 3550 et
902 3482 1085 3571 regis
1122 3482 1333 3550 Suein
1373 3481 1771 3550 testimonia
1806 3481 1893 3549 ad
1933 3484 2085 3573 ejus
2117 3503 2290 3572 opus
2323 3480 2700 3573 plurimum
2729 3485 2967 3547 contu-

385 3597 637 3668 lerunt.

478 3713 1144 3806 septentrionalibus
1183 3722 1250 3780 et
1297 3713 1835 3781 occidentalibus
1882 3713 2285 3802 regionibus
2325 3711 2574 3780 melius
2622 3711 2962 3802 indagan-

387 3830 497 3898 dis
532 3851 878 3899 summam
909 3851 1188 3918 operam
1217 3827 1658 3920 impendebat
1682 3827 2123 3897 Adalbertus.
2176 3827 2312 3897 Vix
2352 3835 2666 3917 suscepto
2699 3826 2962 3917 episco-

384 3951 576 4036 patu,
613 3945 699 4012 ad
728 3945 1094 4035 Aquilonis
1124 3945 1564 4037 presbyteros
1594 3949 1662 4011 et
1692 3944 2048 4034 episcopos
2084 3943 2407 4034 epistolas
2446 3943 2728 4011 miserat
2774 3963 2958 4010 com-

385 4059 818 4142 monitorias,
873 4060 946 4126 in
1007 4060 1254 4150 quibus
1294 4060 1598 4151 primum
1651 4059 2039 4127 insularum
2079 4057 2333 4128 Oceani
2369 4058 2443 4124 fit
2489 4057 2748 4125 mentio
2792 4057 2940 4148 (ΙΙΙ,

395 4178 530 4266 11).
589 4174 740 4267 Ipse
798 4175 1077 4244 easdem
1130 4175 1451 4264 regiones
1530 4196 1899 4266 peragrare
1951 4168 2333 4262 cupiebat:
2392 4201 2423 4235 «
2468 4177 2639 4262 Eg0,
2707 4173 2954 4253 aiebat,

388 4300 678 4380 quartus
728 4291 1151 4380 evangelista
1179 4290 1376 4358 vobis
1408 4313 1524 4358 ero
1551 4319 1583 4353 »
1616 4289 1877 4380 (caeteri
1911 4295 2051 4357 tres
2092 4298 2284 4356 erant
2320 4288 2732 4379 Ansgarius‚
2772 4288 2962 4356 Rim-

386 4406 623 4474 bertus
659 4415 724 4474 et
774 4407 984 4489 Unni,
1055 4405 1170 4496 qui
1224 4406 1357 4473 soli
1411 4405 1724 4473 omnium
1764 4405 1895 4472 iter
1927 4414 2371 4495 susceperant
2428 4413 2494 4471 et
2544 4404 2960 4494 longinquas

390 4522 810 4612 dissitasque
882 4522 1201 4611 regiones
1268 4520 1573 4589 ecclesiae
1650 4520 1997 4612 subJectas
2059 4518 2536 4608 visitaverant)
2600 4520 2750 4611 (III,
2815 4519 2954 4607 70).

390 4635 811 4725 Episcopum
873 4636 1184 4707 Islandiae
1241 4635 1485 4727 primae
1541 4633 1898 4703 Adalberti
1950 4634 2192 4730 litterae
2245 4645 2526 4702 monent
2578 4633 2953 4724 archiepis-

391 4772 641 4840 copum
672 4750 905 4842 ipsum
933 4773 1098 4820 mox
1131 4752 1216 4819 ad
1252 4737 1566 4818 Islanclos
1602 4757 1668 4816 et
1710 4749 2144 4818 Gronlandos
2175 4771 2326 4817 esse
2357 4754 2726 4818 venturum
2755 4748 2943 4839 (Ad..
