3609 5675
484 21 511 32 ..
534 0 911 42 eurr-³712&

1578 556 1923 617 4—67—

475 726 602 798 pus
645 726 883 785 seneX‚
919 704 1255 773 truncatis
1297 704 1620 773 manibus
1660 726 1740 774 ac
1776 704 2092 795 pedibus,
2141 707 2473 797 martyrio
2504 689 3039 778 coronatusest.

473 818 701 904 Quam
733 820 1098 888 Slavorum
1134 819 1574 913 metropolim
1619 820 1917 912 appellat
1954 819 2098 908 (III,
2144 823 2275 907 50).
2317 820 2679 911 Templum
2715 823 2809 891 ibi
2845 824 3046 893 Redi-

471 944 631 1023 gast
663 934 964 1006 dicatum
996 934 1317 1004 describit
1349 958 1363 1004 ε
1408 937 1494 1004 ad
1522 937 1705 1027 quod
1744 958 1786 1003 a
1821 934 2095 1005 civitate
2124 936 2601 1027 Hammaburg
2632 938 2857 1008 ferunt
2891 961 3041 1009 esse

473 1048 605 1116 iter
652 1059 949 1140 quatuor
988 1050 1325 1119 dierum¹.

561 1163 816 1235 Contra
861 1165 1127 1236 Wilzos
1170 1166 1398 1256 posita
1438 1166 1739 1235 cernitur
1775 1166 2005 1234 insula
2051 1188 2263 1257 quam
2304 1165 2485 1234 Rani
2519 1169 2626 1235 vel
2662 1170 2846 1236 Runz'
2889 1192 3046 1260 pos-

469 1280 720 1361 sident,
766 1303 939 1369 gens
1001 1282 1390 1372 fortissima]
1439 1282 1838 1366 Slavorum;
1912 1284 2113 1372 juxta
2157 1282 2374 1350 schol.
2432 1286 2581 1360 117,
2644 1285 2884 1352 Reune
2942 1285 3045 1352 in-

468 1394 624 1464 sula
685 1401 794 1463 est
856 1397 1219 1464 Runorum
1261 1396 1492 1466 vicina
1535 1397 1778 1465 Iumne
1843 1396 2127 1467 civitati.
2172 1397 2253 1464 In
2290 1397 2428 1465 alio
2495 1398 2646 1466 loco
2733 1398 2851 1489 (ΙΙ,
2935 1403 3043 1489 19)

464 1509 742 1578 videtur
769 1510 1059 1601 scriptor
1097 1512 1339 1579 Runos
1375 1512 1463 1579 ad
1502 1512 1761 1581 ostium
1793 1511 2009 1580 Panis
2048 1510 2406 1580 collocare.
2445 1511 2660 1603 Cujus
2699 1514 2961 1604 populi,
3002 1536 3044 1584 a

464 1624 947 1694 Widukindo²
990 1627 1296 1716 primum
1337 1627 1727 1710 memorati,
1777 1649 1986 1694 nemo
2026 1634 2183 1695 ante
2214 1627 2562 1695 Adamum
2600 1627 2802 1696 nobis
2842 1629 3039 1698 sedes

464 1740 818 1809 indicavit.
847 1741 1072 1833 Negat
1107 1742 1531 1812 Giesebreclzt
1552 1743 1904 1813 Adamum
1926 1743 2167 1810 Runos
2195 1742 2282 1810 ad
2314 1743 2524 1811 Panis
2554 1742 2746 1811 fluvii
2773 1742 3031 1811 ostium

464 1856 803 1925 collocare
831 1858 1167 1946 potuisse,
1198 1880 1358 1926 cum
1391 1858 1490 1925 ibi
1507 1860 1658 1949 jam
1686 1858 2082 1949 Circipanos
2110 1857 2419 1949 posuerit
2449 1858 2559 1945 (II,
2602 1862 2682 1926 18
2709 1882 2725 1942 ;
2766 1859 2896 1936 ΙΙΙ,
2925 1862 3033 1944 19,

469 1972 583 2053 21,
627 1971 843 2040 schol.
879 1974 987 2064 17)
1022 1994 1038 2057 ;
1082 1972 1390 2064 insuper,
1435 1973 1553 2059 ait,
1591 1973 1904 2041 Adamus
1937 1973 2088 2062 (IV,
2132 1975 2242 2061 18)
2279 1995 2479 2041 veras
2521 1974 2743 2057 sedes,
2779 1974 3042 2043 scilicet

468 2084 801 2156 ininsula
832 2089 1072 2156 Reune
1128 2089 1352 2177 (nobis
1394 2090 1654 2179 Rz‘zqen)
1697 2088 1835 2157 illis
1873 2088 2138 2156 tribuit.
2189 2088 2515 2157 Auctoris
2555 2099 2787 2157 autem
2820 2090 3040 2158 nostri

470 2203 828 2272 sententiae
895 2203 1081 2271 haud
1142 2204 1272 2271 sibi
1337 2204 1696 2273 contrariae
1750 2204 2096 2287 videntur,
2167 2214 2234 2271 et
2284 2204 2463 2271 inter
2537 2203 2614 2272 se
2670 2204 3039 2273 convenire

468 2327 780 2407 possunt.
819 2318 1017 2401 Quod
1049 2320 1146 2387 ait
1170 2320 1482 2387 Adamus
1518 2340 1534 2387 z
1575 2348 1608 2383 «
1637 2320 1757 2386 ubi
1787 2333 1853 2387 et
1878 2320 2063 2387 Remi
2098 2319 2413 2387 habitant
2453 2348 2516 2403 »,
2551 2320 2788 2388 forsan
2822 2319 3040 2408 signi-

467 2432 625 2500 ficat
642 2433 880 2502 Runos
906 2434 1083 2503 hanc
1100 2434 1457 2525 regionem
1482 2458 1722 2503 versus
1747 2434 2082 2502 habitare.
2117 2437 2431 2525 Insuper,
2450 2434 2764 2525 quisquis
2786 2436 3037 2523 Rugen

467 2545 714 2617 insulae
750 2550 963 2617 situm
1002 2549 1494 2632 observaverit,
1550 2559 1618 2618 et
1664 2549 1823 2620 freti
1851 2549 2250 2638 angustiam
2288 2549 2751 2642 perpenderit,
2799 2554 3033 2618 Runo-

464 2685 621 2730 rum
649 2663 992 2732 coloniam
1023 2674 1140 2733 aut
1167 2666 1376 2733 etiam
1411 2668 1618 2756 hujus
1651 2665 1891 2757 populi
1921 2674 2186 2756 partem
2217 2665 2568 2755 oppositas
2598 2671 2815 2733 terras
2843 2664 3035 2733 inco-

466 2777 676 2847 luisse
717 2780 916 2849 facile
957 2781 1086 2849 sibi
1133 2781 1602 2872 persuadebit.

550 2895 738 2962 Inter
777 2895 1018 2964 Slavos
1078 2897 1358 2987 quidem
1423 2897 1508 2964 de
1573 2897 1766 2964 nulla
1812 2918 2021 2987 quam
2083 2897 2477 2986 Rugiorum
2547 2901 2748 2986 gente
2813 2897 3031 2965 fusius

461 3009 803 3101 latiusque
851 3011 1052 3079 nobis
1127 3013 1560 3080 tradiderunt
1608 3012 1761 3080 XII¹
1840 3012 2053 3080 seculi
2112 3022 2452 3081 auctoreS.
2504 3011 2816 3080 Adamus
2884 3011 3029 3079 haec

459 3130 729 3193 tantum
761 3127 984 3203 docet,
1014 3149 1132 3195 eos
1163 3127 1347 3194 solos
1389 3127 1568 3195 inter
1606 3126 1947 3195 Slavaniae
1986 3126 2278 3217 populos
2310 3149 2459 3194 esse
2502 3126 2750 3216 quibus
2794 3126 3027 3217 praesit

457 3262 579 3307 rex
618 3240 861 3329 (schol.
906 3243 1099 3330 117);
1132 3241 1311 3310 110110
1343 3250 1618 3330 gentem
1634 3240 2191 3333 potentissimam
2224 3263 2374 3308 esse
2403 3250 2469 3308 et
2493 3240 2863 3309 numinum
2889 3241 3029 3309 cul-

459 3355 559 3422 tui
606 3355 909 3427 maxime
950 3356 1327 3440 addictam3
1387 3379 1628 3425 eorum
1676 3356 1978 3425 insulam
2031 3356 2252 3441 Rune,
2312 3356 2900 3446 quemadmodum
2958 3365 3049 3423 et*

455 3470 756 3539 insulam
785 3472 1102 3556 Femhre,
1129 3472 1371 3563 piratis
1405 3482 1471 3540 et
1500 3472 1886 3542 latronibus
1908 3450 2404 3539 crudelissimis
2436 3494 2585 3539 esse
2613 3472 3018 3567 confertam,

452 3587 574 3676 qui
607 3587 869 3654 nemini
901 3587 1330 3678 captivorum
1360 3609 1645 3655 suorum
1671 3592 1964 3677 parcunt
1994 3587 2142 3674 (IV,
2175 3588 2312 3676 18).
2350 3586 2768 3655 Posterioris
2810 3587 3023 3655 seculi

452 3701 820 3792 scriptores
859 3703 1126 3793 Rugios
1166 3703 1240 3769 in
1267 3702 1669 3770 infidelitate
1710 3701 1991 3792 quidem
2025 3707 2435 3792 perstanteS‚
2477 3701 2596 3768 sed
2635 3701 3021 3792 hospitibus

447 3816 890 3907 indulgentes
931 3828 997 3885 et
1045 3818 1145 3885 rei
1208 3817 1634 3886 mercatoriae
1694 3816 2164 3885 deditissimos
2233 3838 2382 3884 esse
2444 3816 2701 3883 dicunt.
2757 3818 3019 3887 Forsan

446 3933 923 4001 sacerdotibus
994 3939 1268 4001 tantum
1343 3933 1619 4016 infensi,
1707 3933 1934 4000 fausto
2020 3937 2439 3999 mercatores
2527 3930 2755 3998 animo
2843 3932 3021 3999 exci-

444 4047 763 4138 piebant;
844 4050 1076 4116 forsan
1145 4048 1356 4117 etiam
1426 4047 1819 4137 Rugiorum
1897 4070 2126 4115 mores
2206 4046 2280 4113 in
2347 4045 2592 4114 melius
2667 4046 3017 4116 immutati

443 4231 501 4282 p.
539 4220 651 4268 167.
691 4218 905 4278 Quandt
935 4218 1213 4282 (Ballisclze
1272 4217 1510 4280 Studien,
1555 4218 1594 4267 t.
1633 4216 1791 4281 XXII,
1829 4231 1889 4280 p.
1941 4216 2052 4280 214)
2087 4215 2344 4267 Rhetram
2386 4214 2524 4264 nihil
2561 4213 2707 4264 aliud
2747 4229 2867 4265 esse
2904 4215 3016 4265 nisi

441 4296 717 4347 Diminem
745 4299 958 4359 asserit,
983 4298 1129 4362 quod
1157 4298 1371 4348 defendi
1391 4310 1506 4348 non
1531 4299 1729 4361 potest.
2394 4331 2400 4337 ‚

511 4382 554 4426 1.
576 4378 616 4426 E
645 4381 878 4440 quatuor
906 4378 1202 4429 Wilzorum
1227 4377 1479 4442 gentibus
1501 4391 1736 4441 quorum
1763 4377 1994 4427 nomina
2014 4375 2206 4426 scribit
2228 4374 2487 4437 Adamus,
2507 4374 2778 4440 Circipani
2802 4377 2856 4425 et
2875 4375 3011 4425 Tho·

438 4457 683 4507 losantes
708 4460 823 4521 jam
851 4460 921 4508 Χο
944 4459 1127 4509 seculo
1156 4458 1274 4508 noti
1304 4461 1459 4509 erant
1486 4458 1643 4521 (Arm.
1670 4456 1911 4521 Sanqall.
1935 4456 2091 4519 maj„
2119 4455 2258 4516 955);
2290 4455 2521 4504 Chizzini
2542 4459 2740 4517 autem,
2775 4455 2821 4504 si
2846 4454 3007 4505 docto

441 4536 793 4588 Giesebrecht
821 4538 876 4588 id
903 4538 1034 4588 satis
1061 4538 1295 4602 gratuito
1315 4537 1585 4588 asserenti
1614 4536 1775 4587 fidem
1803 4535 2161 4599 praebeamus,
2203 4534 2613 4599 Circipanorum
2653 4548 2778 4598 pars
2811 4536 3004 4596 erant3

437 4616 681 4667 Rhetarii
699 4631 831 4668 vero
865 4620 1060 4682 sponte
1087 4633 1186 4669 sua
1222 4620 1314 4669 aut
1347 4618 1509 4669 etiam
1536 4616 1697 4667 inviti
1726 4631 1758 4666 a
1797 4629 1993 4681 magno
2027 4615 2361 4665 Vulanorum
2389 4615 2591 4678 populo
2615 4613 2889 4678 (Widuk.,
2910 4615 3004 4678 III,

431 4699 608 4757 69—70)
638 4699 1000 4763 recesserunt,
1032 4701 1185 4763 quus
1206 4698 1543 4763 potentiores
1568 4697 1742 4748 tribus
1768 4696 2025 4759 deinceps
2052 4697 2411 4746 evanuerunt.
2519 4748 2520 4751 ,

496 4780 543 4826 2.
575 4778 669 4842 111,
690 4780 769 4829 54.
1572 4783 1579 4793 '
