3609 5675
1537 623 1816 682 -..3..

475 753 975 857 OperissAdami
1015 775 1197 833 mere
1237 770 1700 854 geographicae
1730 771 1959 853 partiS,
2006 789 2242 853 nempe
2269 769 2417 832 libri
2456 768 2674 851 quarti
2712 773 2966 830 textum

396 879 630 942 ceteris
668 877 1217 960 incorruptiorem
1256 884 1455 960 atque
1484 877 1910 960 integriorem
1938 896 2306 940 censemus.
2344 876 2538 951 Sane,
2570 873 2969 956 Descriptio-

397 985 494 1046 nis
520 984 879 1047 insularum
909 985 1092 1047 deest
1119 983 1270 1046 finis
1297 984 1367 1045 in
1407 983 1750 1046 codicibus
1781 984 1842 1065 2)
1870 988 1935 1046 et
1962 983 2050 1065 4).
2088 982 2214 1045 Sed
2248 1002 2393 1044 eam
2427 982 2639 1064 ipsam
2668 978 2968 1061 Descrip-

395 1092 630 1154 tionem
653 1092 900 1175 praebet
932 1091 1223 1174 optimus
1253 1090 1463 1153 codex
1494 1090 1960 1172 Lugdunensis
1982 1093 2024 1166 ¹,
2060 1088 2255 1171 cujus
2285 1108 2440 1151 cum
2475 1086 2971 1150 Vindobonensi

397 1201 617 1262 textus
648 1198 975 1261 convenit.
1024 1197 1289 1260 Scholia
1320 1197 1479 1259 item
1532 1217 1680 1278 quae
1722 1196 1805 1259 ad
1836 1197 2079 1259 librum
2109 1196 2188 1257 de
2216 1195 2362 1259 Situ
2396 1195 2625 1257 Daniae
2658 1194 2987 1273 attinent,

396 1305 566 1367 inter
613 1325 682 1366 se
734 1304 1081 1388 paululum
1133 1304 1532 1385 discrepant,
1581 1309 1645 1364 et
1692 1303 1829 1364 fere
1874 1322 2104 1365 omnes
2146 1303 2214 1363 in
2263 1301 2492 1363 codice
2543 1298 2973 1383 Lugdunensi
3053 1321 3056 1324 ·

397 1412 840 1486 continentur,
873 1411 925 1472 si
965 1431 1177 1492 pauca
1208 1410 1501 1493 excipias
1530 1409 1883 1472 manifesto
1915 1408 2302 1482 recentiora,
2342 1407 2647 1470 videlicet
2673 1405 2975 1469 scholion

397 1519 476 1577 96
503 1518 584 1579 de
627 1518 860 1579 itinere
897 1517 1069 1579 inter
1108 1517 1344 1599 Ripam
1381 1522 1445 1578 et
1482 1515 2028 1597 Hierosolymam,
2063 1535 2322 1578 necnon
2358 1515 2492 1590 145,
2527 1515 2607 1576 de
2639 1512 2978 1596 scriptoris

400 1625 607 1686 nostri
648 1624 932 1686 dialecto
954 1626 998 1684 ².
1039 1625 1270 1706 Neque
1305 1622 1573 1705 quidem
1616 1641 1942 1705 negamus
1985 1622 2111 1685 alia
2150 1622 2383 1684 Adami
2418 1622 2589 1697 loca,
2623 1642 2661 1683 a
2702 1640 2980 1703 geogra-

404 1731 558 1813 phia
600 1751 732 1794 non
775 1730 1009 1806 aliena,
1056 1729 1332 1812 exempli
1367 1730 1580 1813 gratia
1625 1750 1773 1811 quae
1818 1729 1900 1791 ad
1947 1727 2324 1791 Slavaniam
2363 1728 2711 1810 pertinent,
2753 1727 2981 1789 forsan

405 1836 632 1898 vitiata
661 1836 891 1898 fuisse.
937 1837 1113 1914 Quin
1155 1836 1285 1897 loci
1335 1835 1684 1918 cujusdam
1730 1837 2158 1919 geographici
2189 1838 2301 1918 (II,
2352 1838 2447 1919 19)
2497 1843 2717 1899 textus
2765 1837 2864 1897 est
2902 1834 2983 1897 de

408 1963 542 2024 quo
590 1943 873 2005 maxime
920 1942 1216 2004 omnium
1261 1943 1589 2022 diuturnae
1628 1948 1692 2004 et
1738 1942 2281 2025 pertinacissimae
2325 1944 2474 2006 lites
2514 1948 2756 2006 exortae
2800 1946 2979 2004 sunt.

411 2050 664 2112 Doctus
692 2049 789 2111 vir
825 2050 903 2111 L.
950 2049 1393 2112 Giesebrechl³
1424 2049 1582 2111 vitia
1621 2055 1738 2111 aut
1782 2050 2318 2112 intercalationes
2351 2051 2477 2112 hoc
2503 2050 2676 2124 1000,
2722 2049 2894 2111 516111
2923 2053 2989 2109 61

411 2154 864 2237 compluribus
886 2155 1052 2229 aliis,
1085 2156 1458 2217 necessario
1489 2155 1704 2262 ipesse
1734 2155 2156 2218 existimavit.
2190 2156 2365 2234 Quid
2398 2177 2472 2218 63
2503 2156 2584 2219 (16
2614 2177 2682 2217 re
2708 2155 2989 2240 sentien-v

409 2263 568 2325 dum
584 2262 756 2324 infra
778 2262 1167 2324 videbimus,
1194 2262 1370 2324 Satis
1388 2262 1472 2324 sit
1493 2262 1684 2323 nobis
1705 2262 1813 2324 hic
1834 2268 2084 2339 notare,
2110 2269 2262 2345 post
2286 2263 2535 2346 egregii
2556 2253 2988 2344 Lappe'nbery
3043 2315 3054 2321 ,

412 2370 767 2433 editionem
815 2375 880 2431 et
941 2389 1160 2451 opera,
1212 2368 1359 2431 illas
1415 2369 1990 2450 interpretationes
2041 2370 2263 2432 minus
2322 2369 2626 2431 utilitatis
2674 2369 2988 2451 praebere.

416 2473 609 2537 Haud
641 2475 889 2556 absque
922 2474 1055 2537 sale
1085 2474 1373 2556 quodam
1410 2475 1715 2537 observat
1741 2475 2188 2551 Giesebrecht,
2221 2497 2290 2537 se
2326 2475 2450 2537 sibi
2471 2475 2585 2556 jus
2619 2475 2991 2537 vindicasse

415 2582 719 2665 quaedam
773 2581 1185 2664 explanandi,
1243 2581 1547 2662 quamvis
1588 2607 1617 2639 «
1671 2602 1886 2663 neque
1934 2581 2201 2646 codices
2254 2587 2406 2644 ante
2465 2581 2698 2644 oculos
2746 2587 2987 2657 essent,

414 2709 628 2770 neque
657 2687 857 2749 editio
888 2688 1193 2770 princeps
1233 2713 1262 2744 »
1293 2693 1357 2749 et
1391 2688 1714 2769 quasdam
1746 2688 1814 2748 in
1852 2688 2139 2751 textibus
2179 2688 2645 2752 translationes
2674 2688 2990 2771 fingendi.

419 2797 567 2857 Non
600 2794 884 2869 externis
914 2800 1197 2869 1311111111,
1237 2794 1329 2856 311
1358 2792 1489 2870 1116,
1525 2783 1636 2856 56(1
1663 2794 1845 2856 1111115
1870 2794 2148 2859 inclusis
2174 2795 2373 2858 etiam
2399 2795 2810 2878 argumentis
2840 2814 2993 2857 vera

420 2921 457 2964 a
486 2902 672 2963 falsis
703 2902 769 2962 in
788 2907 967 2963 textu
994 2901 1366 2963 discernere
1389 2907 1454 2963 et
1478 2901 1824 2984 sejungere
1853 2900 2027 2963 licet.

503 3008 625 3070 Cui
665 3007 930 3088 quidem
972 3007 1421 3069 contradicere
1450 3008 1643 3069 nobis
1673 3009 1740 3068 in
1782 3008 2004 3069 animo
2035 3029 2169 3070 non
2199 3014 2327 3083 est,
2369 3008 2612 3090 quippe
2643 3008 2886 3090 quibus
2915 3007 2998 3070 de

421 3113 656 3176 Adami
706 3113 1112 3196 geographia
1157 3113 1654 3188 disserentibus,
1712 3140 1741 3170 «
1782 3113 2126 3175 codicibus
2180 3120 2250 3177 61·
2293 3114 2600 3196 primaria
2632 3113 2919 3175 editione
2964 3139 2993 3170 »

423 3240 645 3283 carere
694 3219 978 3282 libuerit.
1029 3221 1275 3282 Verum
1319 3227 1470 3282 ante
1519 3220 1945 3282 Giesebrecht
2002 3240 2139 3282 rem
2194 3240 2554 3303 aggressus
2603 3227 2742 3283 erat
2797 3240 2998 3303 quam

426 3333 724 3409 repertus
763 3334 935 3389 esset
979 3327 1185 3388 codex
1229 3326 1758 3388 Vindobonensis
1804 3332 1869 3388 et
1917 3327 2134 3389 studia
2184 3347 2304 3389 sua
2350 3327 2783 3410 Lappenberg
2820 3327 2999 3390 ince-

426 3433 650 3516 pisset.
690 3434 764 3495 In
792 3433 1216 3494 vitiosissima
1257 3438 1516 3494 tantum
1553 3432 1834 3495 Fabricii
1866 3432 2152 3495 editione
2187 3433 2422 3495 Adami
2454 3432 2698 3517 scripta
2722 3433 2994 3516 legerat.

430 3539 623 3615 Sane,
699 3546 849 3622 post
930 3540 1482 3600 Monumenlorum
1568 3539 1922 3601 editionem
1998 3540 2327 3623 prioribus
2403 3541 2582 3602 stetit
2654 3539 2924 3622 judiciis
2982 3558 2996 3600 ε

429 3671 459 3703 α
524 3648 736 3708 Docto
798 3646 1256 3735 Lappenberg,
1305 3646 1416 3721 ait,
1469 3645 1667 3707 nullae
1719 3651 2009 3728 acceptae
2061 3651 2219 3707 sunt
2260 3646 2814 3722 intercalationeS,
2872 3647 3002 3709 nisi

426 3773 594 3833 quas
629 3752 894 3813 codices
933 3758 1280 3814 testantur.
1333 3752 1442 3814 Sic
1476 3753 1652 3815 XIIIi
1699 3753 1929 3827 seculi,
1971 3773 2104 3814 non
2134 3754 2270 3828 Xli,
2304 3757 2526 3815 textus
2569 3753 2652 3815 ab
2698 3774 2775 3815 eo
2808 3754 3000 3815 nobis

428 3859 776 3940 praebetur.
812 3884 840 3914 »
990 3868 998 3873 ’
1511 3922 1516 3928 ,

511 3965 639 4027 Sed
672 3965 1096 4028 Giesebrecht
1126 3965 1397 4027 modum
1433 3966 1690 4027 excedit
1725 3986 2026 4028 asserens
2056 3966 2290 4028 Adami
2322 3966 2468 4028 loca
2499 3986 2647 4047 quae
2677 3966 2759 4027 ad
2790 3965 2997 4029 histo-

430 4073 594 4134 riam
626 4078 926 4155 spectant
960 4072 1304 4154 paululum
1337 4073 1879 4135 translationibus
1918 4074 2254 4135 immutari
2280 4073 2598 4156 potuisse,
2643 4093 2797 4135 cum
2837 4078 3001 4135 tem-

432 4199 668 4261 porum
704 4179 1000 4241 ordinem
1042 4180 1284 4241 servari
1317 4201 1583 4242 necesse
1617 4180 1839 4254 fuerit,
1874 4180 2021 4241 loca
2052 4199 2206 4241 vero
2237 4199 2385 4260 quae
2415 4179 2498 4241 ad
2525 4180 3000 4263 geographiam

485 4335 538 4399 Δ1.
566 4330 628 4378 111
653 4330 837 4401 codice
872 4334 916 4391 ·2,
950 4333 1123 4379 totum
1153 4345 1287 4393 opus
1318 4331 1376 4380 in
1405 4334 1494 4382 252
1535 4331 1713 4394 capita
1744 4331 1988 4380 numeris
2020 4330 2299 4380 continuis
2359 4331 2682 4381 distinctum
2735 4333 2841 4382 est.
2887 4331 3000 4390 Qua¹

431 4409 783 4460 distinctione
802 4409 954 4458 multi
973 4410 1072 4460 aevi
1093 4411 1269 4460 nostri
1291 4411 1604 4474 scriptoreS,
1626 4410 1891 4461 Adamum
1917 4411 2147 4476 citantes
2171 4412 2266 4460 aut
2279 4410 2723 4474 interpretanteS,
2746 4413 2995 4461 utuntur.

432 4491 538 4539 Nec
562 4490 719 4540 aliter
746 4489 806 4538 in
832 4490 1068 4540 editione
1093 4490 1275 4553 Miqne.

492 4572 541 4619 2.
572 4569 944 4634 Lappenberg,
973 4569 1182 4632 Archiv,
1216 4572 1255 4618 t.
1287 4571 1370 4632 VI,
1399 4585 1452 4634 p.
1490 4574 1599 4621 849.
2295 4634 2302 4641 Ι

495 4651 541 4697 3.
575 4649 632 4698 L.
665 4649 1028 4709 Giesebreeht‚
1069 4649 1227 4698 Ueber
1255 4650 1340 4699 die
1371 4650 1847 4700 Nordcandskunde
1886 4651 1973 4699 «tes
2002 4637 2201 4700 Ada‘ms
2226 4664 2325 4700 von
2351 4650 2576 4701 Bremen
2611 4651 2688 4715 (in
2721 4652 2918 4700 Histor.
2952 4666 3007 4700 u.

431 4729 656 4777 Literar.
685 4728 1105 4791 Abhandlunqen
1120 4729 1214 4776 det·
1237 4729 1286 4777 lc.
1316 4729 1368 4779 d.
1398 4729 1744 4793 Gesellsclzaft
1773 4745 1839 4780 zu
1864 4730 2204 4794 Ko‘niqsbergJ,
2239 4733 2376 4791 1834,
2400 4733 2437 4790 t,
2463 4731 2549 4792 ΙΙΙ,
2571 4746 2626 4795 p.
2648 4733 2732 4782 157
2761 4731 2928 4795 sqq.),
2952 4732 3011 4780 et

441 4806 700 4858 Baltiscke
733 4809 979 4872 Studien,
1010 4811 1052 4859 t.
1086 4809 1170 4870 VI,
1203 4823 1257 4873 p.
1296 4813 1403 4860 187.
1451 4829 1454 4831 “
2854 4806 2861 4818 ’
