3609 5675
1771 546 2090 605 ..96-

645 719 765 763 nra
805 692 1174 761 deficientis
1212 692 1453 761 mundi
1493 693 1769 780 finibus,
1804 694 2108 761 immane
2150 694 2381 785 abyssi
2418 693 2823 761 barathrum
2857 694 3217 761 retroactis

645 811 957 899 vestigiis
997 831 1168 899 pene
1194 809 1311 875 vix
1345 809 1579 876 salvus
1612 809 1855 877 evasit.
1887 839 1918 873 »

733 923 1020 991 Miratur
1058 922 1377 991 Gelcich¹
1422 946 1544 991 cur
1567 924 1883 993 Adamus
1924 924 2176 992 dixerit
2210 946 2225 991 :
2263 925 2486 992 «Post
2516 924 2995 993 eaminsulam
3027 933 3212 992 terra

641 1063 781 1107 non
837 1040 1182 1107 invenitur
1239 1039 1641 1107 habitabilis
1701 1069 1761 1122 »,
1822 1063 1974 1107 cum
2043 1040 2363 1129 regiones
2424 1040 2653 1130 magis
2719 1048 2923 1130 atque
2981 1040 3215 1128 magis

645 1164 1022 1247 temperato
1061 1155 1233 1223 coelo
1271 1155 1581 1223 invenire
1621 1178 1900 1223 necesse
1934 1155 2048 1237 sit,
2082 1165 2337 1223 terram
2380 1156 2681 1224 Vinland
2706 1179 2966 1225 versuS.
3013 1156 3215 1238 Quod

645 1271 913 1339 :adamo
945 1293 1080 1338 non
1108 1270 1550 1361 probabatur,
1583 1271 1727 1362 qui,
1749 1271 1911 1339 licet
1934 1272 2298 1340 vinearum
2325 1294 2403 1339 ac
2425 1272 2752 1339 frumenti
2785 1272 3213 1340 mentionem

649 1387 901 1467 fecerit,
966 1408 1210 1465 verum
1263 1386 1472 1475 hujus
1523 1395 1720 1453 terrae
1771 1386 1980 1454 situm
2032 1387 2420 1477 ignorabat,
2474 1410 2764 1479 eamque
2818 1388 2893 1454 in
2960 1388 3211 1455 insulis

645 1501 1002 1591 caligantis
1048 1501 1303 1569 Oceani
1346 1502 1668 1592 ponebat,
1719 1502 1806 1569 ad
1845 1511 2233 1571 extremum
2272 1503 2836 1593 septentrionem,
2882 1512 2959 1570 ut
3000 1503 3214 1571 Islan-

641 1619 825 1683 fliam
865 1623 929 1683 et
969 1615 1490 1684 Gronlandiam.

737 1731 1028 1803 Ubinam
1068 1731 1274 1798 fuerit
1321 1731 1470 1800 haec
1512 1740 1690 1800 terra
1740 1733 2053 1815 Vinland,
2097 1733 2412 1824 plurimae
2457 1733 2633 1801 inter
2680 1734 2986 1801 eruditos
3041 1743 3210 1801 ortae

645 1859 801 1915 sunt
853 1846 1376 1929 controversiae;
1447 1848 1764 1937 quamvis
1820 1849 2097 1938 plenam
2151 1848 2377 1917 lucem
2428 1872 2569 1917 non
2621 1850 2934 1934 afferant,
3006 1850 3210 1917 nobis

645 1975 873 2031 tamen
921 1962 1295 2029 doctissimi
1343 1965 1606 2031 Storm²
1647 1963 2202 2032 elucubrationes
2249 1964 2443 2033 litem
2497 1965 2693 2056 quasi
2742 1966 3064 2033 dirimere
3110 1966 3212 2032 vi-

645 2079 913 2147 duntur.

733 2195 893 2259 Hinc
937 2192 1238 2281 regionis
1278 2192 1580 2261 Vinland
1627 2195 1887 2263 mentio
1919 2196 2101 2286 apud
2131 2195 2480 2264 Adamum
2522 2197 2838 2264 omnium
2876 2197 3216 2287 antiquis-

645 2315 821 2379 sima
869 2322 992 2397 est,
1058 2322 1145 2395 et,
1205 2311 1364 2379 licet
1414 2310 1846 2397 brevissima,
1891 2311 2181 2378 maximi
2236 2320 2337 2378 est
2384 2312 2741 2379 momenti.
2785 2311 3216 2380 Traditiones

645 2427 925 2519 quidem
955 2427 1248 2496 recentis
1284 2427 1508 2495 adhuc
1554 2426 1909 2495 memoriae
1956 2434 2024 2495 et
2062 2426 2584 2495 adulterationis
2629 2437 2939 2517 expertes
2977 2428 3211 2505 refert,

649 2551 877 2631 utpute
933 2543 1013 2611 ad
1052 2542 1535 2632 navigationes
1574 2542 1779 2631 paulo
1822 2551 2024 2609 antea
2057 2551 2368 2632 peractas
2419 2550 2831 2632 spectantes,
2872 2542 3213 2611 Islandica

645 2683 801 2723 vcro
845 2657 1238 2724 testimonia
1255 2657 1508 2724 directa
1535 2664 1654 2724 aut
1684 2656 2025 2724 indirecta
2046 2656 2160 2724 via
2181 2679 2222 2724 a
2249 2658 2583 2747 scriptore
2604 2659 2962 2724 AreFrode
2980 2659 3001 2693 ³
3026 2657 3211 2725 deri—

649 2783 913 2855 vantur,
951 2772 1068 2864 qui
1107 2772 1286 2841 circa
1311 2795 1569 2841 annum
1594 2775 1764 2841 1135
1791 2772 2087 2864 scripsit.
2121 2773 2288 2855 Quae
2311 2773 2595 2856 addunt,
2620 2773 2871 2841 fabulis
2904 2772 3211 2841 admixta

649 2900 825 2956 sunt.
869 2889 1199 2979 Denique,
1235 2897 1313 2955 ut
1342 2889 1438 2957 ait
1469 2892 1715 2973 Storm,
1742 2889 1895 2956 fieri
1924 2910 2064 2955 non
2097 2895 2326 2979 potest
2354 2898 2429 2956 ut
2462 2889 2940 2957 astronomicis
2971 2889 3213 2980 hujus-

649 3004 833 3072 modi
857 3004 1305 3093 argumentiS,
1339 3004 1562 3095 qualis
1589 3010 1693 3071 est
1726 3003 2019 3072 obscura
2056 3026 2139 3071 ea
2162 3003 2420 3071 codicis
2439 3004 2899 3094 Flateyarbok
2919 3007 3210 3072 assertio

646 3144 797 3208 qun}
849 3120 929 3188 ad
982 3119 1249 3187 dierum
1289 3119 1723 3187 durationem
1764 3120 2088 3209 spectat‘,
2136 3118 2537 3188 Vinlandiae
2589 3120 2760 3187 situs
2813 3121 3208 3188 definiatur.

645 3236 866 3316 Quem
897 3235 1143 3302 melius
1174 3235 1446 3324 assequi
1478 3256 1848 3320 possumus
1873 3257 1991 3325 per
2025 3234 2521 3323 vegetabilium
2545 3234 2971 3302 mentionem
2997 3258 3205 3326 quam

645 3352 841 3416 nobis
893 3350 1169 3417 tradidit
1205 3349 1540 3433 AdamuS,
1592 3372 1669 3418 ac
1714 3349 2157 3439 potissimum
2210 3353 2362 3440 quis
2404 3350 2492 3416 sit
2541 3350 2704 3418 vitis
2756 3341 3087 3420 silvestris
3132 3351 3207 3418 in

645 3468 965 3532 :mirarica
995 3464 1509 3555 septentrionali
1550 3465 1746 3531 limes
1786 3464 2224 3555 inquirendo,

733 3584 958 3648 δέω-ῆι
984 3586 1215 3648 autem
1238 3582 1259 3616 ⁵
1299 3579 1693 3647 testimonia
1722 3581 1904 3648 XVI¹
1945 3580 2157 3648 seculi
2200 3580 2501 3670 collegit,
2539 3603 2616 3648 ac
2638 3583 3023 3672 praesertim
3050 3606 3204 3672 quae

641 3696 937 3764 ⁴lacubus
983 3697 1244 3763 Cartier
1282 3695 1363 3762 de
1411 3694 1664 3763 Bacchi
1696 3695 1927 3763 insula
1960 3718 2173 3786 prope
2210 3696 2476 3778 Quebec
2526 3697 2806 3764 tradidit
2848 3698 2987 3789 (470
3016 3698 3197 3788 lat).

645 3820 709 3880 nt
741 3812 983 3880 exinde
1013 3811 1357 3879 concludit
1401 3810 1692 3879 Vinland
1730 3817 1991 3879 terram
2028 3811 2100 3878 in
2129 3813 2321 3879 Nova
2361 3811 2594 3879 Scotia
2623 3822 2744 3881 aut
2773 3813 2861 3880 ad
2896 3814 3203 3891 fluminis

649 3928 881 3992 San-rte*
921 3927 1269 3994 Laurentii
1307 3927 1560 3994 ostium
1603 3925 2046 4016 quaerendam
2086 3948 2260 4011 esse,
2307 3936 2554 4017 praeter
2594 3927 2777 4016 quod
2831 3919 3001 3996 -Vz’tis
3034 3932 3208 3998 Cor-

709 4128 749 4172 1.
785 4123 1015 4182 Heluian,
1055 4122 1212 4171 Ueber
1240 4121 1326 4171 die
1355 4121 1670 4172 Mater-talen
1699 4136 1795 4171 zur
1823 4120 2297 4171 vorcolumbisclzen
2330 4121 2509 4171 Gescle.
2536 4122 2814 4172 Amerikas
2845 4124 2921 4187 (in
2949 4124 3205 4175 Zeitschr.

641 4204 693 4252 ti.
725 4201 990 4252 siat-eima.
1019 4203 1062 4264 f.
1091 4201 1280 4260 Erdk„
1310 4202 1510 4261 Berlin,
1542 4205 1678 4265 1890,
1711 4216 1765 4264 p.
1795 4203 1921 4262 104).

705 4288 755 4332 2.
797 4284 997 4332 fluat-tv
1023 4283 1222 4344 Storm,
1253 4282 1461 4333 Studies
1486 4296 1554 4331 on
1592 4282 1678 4330 tlte
1717 4281 1977 4330 Vineland
2005 4281 2430 4347 Voya9e3(Mem.
2454 4282 2566 4331 Soc.
2585 4283 2768 4346 Antiq.
2791 4283 2864 4332 du
2884 4284 3042 4345 Nord,
3072 4288 3208 4346 1888,

645 4380 693 4424 [ι.
721 4367 849 4420 ΞϋἾῙι.
881 4364 957 4412 Μ.
974 4400 985 4422 ,
1007 4361 1286 4412 Columbus
1305 4376 1382 4426 pa
1414 4361 1595 4411 laland
1615 4376 1679 4425 09
1701 4376 1823 4411 vore
1847 4361 2147 4423 forsaedres
2164 4360 2473 4425 opdaqelser
2502 4363 2520 4409 i
2541 4362 2627 4411 det
2646 4362 3212 4427 nordvestliyeAtlan-

641 4444 825 4492 sevam]
861 4442 1222 4502 {Christianiffi
1261 4443 1418 4505 1893).
2748 4451 2752 4456 ’

701 4528 749 4572 3.
779 4524 905 4572 Aras
929 4521 1315 4583 [swadet-buch,
1346 4522 1601 4586 herausg.
1643 4535 1752 4571 von
1786 4522 1875 4572 W.
1910 4522 2155 4586 Gotther,
2188 4536 2304 4586 cap.
2335 4537 2409 4581 VI,
2434 4537 2490 4586 p.
2528 4525 2603 4571 11.

705 4608 749 4652 fs.
794 4604 865 4652 [lue.
909 4601 1070 4665 eylcar
1119 4603 1171 4651 et
1204 4600 1468 4665 daqmala,
1517 4600 1583 4651 cf.
1631 4602 1788 4664 Rafn,
1838 4603 2196 4666 Antiquitates
2235 4603 2585 4668 American-2⁹,
2624 4601 2721 4652 sol.
2769 4606 2878 4653 436.
2919 4604 3204 4668 BeauvoiS,

645 4687 805 4732 strnue
841 4684 925 4732 Ur.
951 4685 1002 4731 et
1030 4684 1222 4742 Amen,
1255 4696 1314 4746 p.
1356 4686 1430 4731 15.

705 4768 753 4812 ὃ,
797 4768 992 4822 &ts-rm,
1038 4762 1292 4812 Vineland
1328 4763 1575 4827 Voyaqu,
1608 4777 1661 4826 p.
1686 4765 1794 4814 349.
