3609 5675
2631 0 2642 9 ¹
2700 0 2730 5 ”·
2755 2 2916 38 ’Ἐπ’-,ιτ

1802 549 2141 608 ...ιε-ν

675 721 931 771 annum
956 708 1373 767 continetur.
1409 699 1662 786 Aperte
1698 696 2132 766 declararunt
2157 697 2335 766 Dani
2369 694 2619 765 eruditi
2655 695 3020 786 scriptores
3068 717 3254 763 neu-

672 815 942 906 tiquam
972 812 1305 882 barbaros
1342 811 1684 902 Vikingos
1723 811 1964 894 fixisse,
2000 822 2070 880 et
2108 813 2332 880 cultos
2368 813 2615 880 eorum
2657 833 2889 879 mores
2927 809 3250 879 noscenti

675 930 749 998 in
774 939 1091 1021 promptu
1132 936 1235 996 est
1258 927 1645 1016 intelligere
1675 927 2050 1018 quomodo,
2081 927 2529 996 christianam
2554 926 2962 1018 religionem
2984 924 3248 1015 adepti,

674 1043 913 1113 statim
961 1065 1122 1112 suos
1173 1042 1355 1111 inter
1410 1064 1683 1111 coaevos
1744 1042 2148 1134 vicinosque
2209 1043 2472 1111 artibus
2529 1052 2596 1110 et
2651 1041 2960 1110 scientiis
3005 1039 3248 1131 populi

673 1158 1040 1249 Aquilonis
1079 1158 1285 1247 longe
1323 1157 1807 1249 praestitemnt.
1843 1158 1901 1225 E
1938 1157 2153 1226 tribus
2199 1157 2676 1226 Scandinaviae
2716 1157 2978 1244 regnis,
3028 1155 3254 1223 Dania

674 1272 865 1341 aditu
924 1273 1218 1356 facilior,
1257 1272 1617 1364 pauciores
1660 1273 1922 1341 habens
1965 1272 2175 1341 silvas
2224 1283 2289 1341 et
2329 1284 2624 1352 monteS,
2668 1272 3019 1364 praecipua
3062 1269 3250 1363 apu'd

672 1388 847 1457 alios
878 1389 1169 1480 populos
1208 1388 1426 1456 valuit
1453 1388 1889 1472 auctoritate,
1933 1399 1999 1456 et
2032 1411 2190 1458 cum
2226 1389 2494 1479 reliqua
2521 1389 2801 1508 Europa
2830 1388 3254 1479 septentrio-

670 1504 866 1577 nales
906 1511 1153 1594 gentes
1193 1503 1523 1572 societate
1562 1504 1944 1595 conjunxit.

760 1620 995 1688 Dauos
1035 1619 1478 1710 potissimum
1535 1618 1797 1688 Baltico
1847 1630 1914 1686 et
1951 1618 2368 1688 Britannico
2407 1619 2585 1688 mari
2617 1619 2743 1688 XI⁰
2783 1620 3016 1688 seculo
3053 1641 3250 1688 com-

648 1735 1012 1806 'mercium
1059 1735 1304 1803 fecisse
1344 1733 1761 1803 arbitramur
1796 1739 1842 1802 ¹.
1905 1735 2010 1803 Ad
2058 1735 2404 1803 Balticum
2437 1734 2625 1802 enim
2662 1757 2849 1803 mare
2879 1758 3000 1824 per
3031 1735 3248 1803 Dnie-

670 1873 873 1944 prum
900 1861 966 1919 et
1000 1851 1331 1939 Volgum,
1384 1858 1531 1918 tum
1582 1873 1702 1941 per
1741 1851 2014 1919 Dunam
2042 1861 2108 1917 et
2138 1851 2425 1931 Nevam,
2462 1873 2499 1918 e
2535 1850 2783 1941 Caspio
2811 1849 2988 1919 mari
3016 1859 3084 1917 et
3111 1850 3250 1918 Eu·

667 1967 834 2035 xino
894 1988 1156 2034 merces
1224 1965 1852 2035 convehebantur:
1915 1966 2096 2056 quod
2155 1965 2433 2058 quidem
2498 1966 2796 2055 probant
2860 1964 3115 2034 arabici
3177 1975 3244 2033 et

671 2081 1024 2172 byzantini
1074 2079 1369 2162 nummi,
1429 2081 1543 2172 qui
1594 2104 1630 2149 e
1687 2081 1916 2149 littore
1957 2080 2219 2149 Baltico
2264 2080 2709 2149 effodiuntur.
2769 2080 2950 2149 Illud
3007 2090 3245 2149 autem

671 2196 1166 2265 commercium
1213 2197 1297 2265 ad
1354 2197 1556 2266 XII¹¹¹¹³
1592 2219 1811 2288 usque
1861 2195 2175 2264 seculum
2228 2197 2462 2265 Dauos
2513 2196 2840 2265 habuisse
2891 2196 3244 2265 existimat

686 2315 1023 2380 Worsaae.
1072 2312 1330 2379 Saltem
1385 2311 1615 2403 quoad
1658 2312 1986 2380 Russiam
2025 2321 2091 2379 et
2127 2312 2567 2404 Byzantium,
2612 2335 2725 2380 res
2758 2312 2999 2380 multis
3029 2312 3242 2380 docu-

671 2427 921 2495 mentis
967 2426 1473 2517 comprobatur.
1521 2427 1937 2497 Juvantibus
1999 2427 2310 2495 Scandiis
2370 2428 2665 2496 coloniis
2724 2450 2898 2518 quas
2950 2427 3240 2517 Vikingi

673 2541 1146 2624 condiderant,
1195 2542 1269 2609 in
1317 2542 1638 2610 Russiam
1685 2566 1928 2634 usque,
1967 2543 2341 2632 Novgorod
2371 2543 2780 2610 nominatim
2815 2552 2882 2610 et
2919 2542 3234 2625 Kievam,

673 2657 1137 2746 pervadebant
1182 2656 1359 2724 Dani
1410 2667 1850 2728 mercatores.
1918 2658 2360 2726 Normannos
2400 2656 2712 2748 Byzantii
2758 2656 2912 2749 ipsa
2963 2657 3035 2725 in
3082 2658 3242 2726 aula

673 2770 1087 2864 principum,
1145 2771 1385 2841 multis
1451 2772 1742 2842 donatos
1807 2773 2209 2867 privilegiis,
2275 2773 2606 2842 inveniaS.
2677 2772 2872 2845 Unde
2932 2773 3241 2843 Graecam

672 2885 878 2954 fidem
953 2887 1230 2978 plurimi
1310 2887 1633 2972 referunt,
1713 2911 1922 2980 quam
1998 2897 2304 2958 ceterum
2372 2912 2413 2957 a
2474 2889 2698 2979 primo
2773 2889 3241 2958 conversionis

672 3012 977 3094 tempore
1045 3002 1695 3092 septentrionalibus
1760 3004 2035 3097 populis
2102 3028 2224 3097 per
2299 3007 2634 3096 Vaerinqos
2697 3005 2961 3074 illatam
3032 3005 3242 3073 fuisse

670 3120 997 3186 constat2.

762 3231 1147 3303 Normanni
1173 3235 1297 3302 ΧΓ*
1337 3236 1581 3303 seculo·
1601 3235 1858 3325 ubique
1892 3236 2343 3304 inveniuntur
2373 3247 2440 3304 et
2473 3236 2557 3304 ad
2590 3258 2942 3304 summum
2972 3235 3241 3326 imperii

672 3349 1030 3436 fastigium
1092 3350 1523 3439 perveniunt.
1580 3351 1798 3419 'Nullo
1869 3373 2006 3418 non
2078 3351 2310 3420 littore
2376 3352 2861 3434 consederunt,
2909 3351 3245 3442 stupenda

670 3462 1020 3531 celeritate
1069 3474 1134 3531 et
1171 3464 1349 3532 miro
1391 3487 1712 3533 successu
1754 3464 2013 3533 diffusi.
2071 3466 2305 3558 Neque
2359 3467 2749 3534 maritimos
2790 3466 3241 3535 Scandiorum

669 3640 854 3704 Antiq.
887 3639 951 3689 de
980 3640 1315 3702 Not-mundior,
1353 3641 1492 3692 Caen
1523 3644 1576 3694 et
1604 3642 1771 3703 Paris,
1806 3642 1964 3707 1881).
1995 3642 2072 3692 Cf.
2104 3643 2271 3694 etiam
2302 3644 2600 3706 Weinhold,
2629 3643 3028 3695 Alenordisckes
3057 3644 3238 3703 Leben,

670 3721 900 3785 Leipzig,
934 3723 1070 3771 1856.
1162 3777 1167 3781 ,

736 3807 774 3850 1.
816 3801 1094 3861 Worsaae,
1133 3803 1203 3850 La
1232 3802 1423 3851 coloni
1419 3803 1578 3851 alien
1613 3802 1677 3852 d.
1706 3802 1762 3852 la
1790 3804 1971 3853 Russie
2003 3808 2052 3853 et
2082 3803 2157 3853 du
2176 3804 2323 3853 Nord
2353 3804 2696 3868 scandinave,
2727 3819 2782 3869 p.
2819 3807 2905 3854 184
2935 3807 2990 3855 et
3017 3809 3099 3855 190
3118 3819 3242 3869 sqq.

671 3881 727 3930 L.
768 3881 1134 3942 Giesebrecht,
1186 3870 1502 3931 ‘Wendische
1555 3883 1974 3946 Geschichten,1,
2010 3899 2064 3947 p.
2105 3887 2184 3934 22.
2214 3884 2452 3945 Possart,
2482 3885 2576 3934 Die
2604 3884 3015 3950 qeoyraplzische
3043 3886 3243 3934 Kerint-

669 3962 806 4010 nisse
827 3961 922 4012 der
949 3962 1092 4012 alten
1117 3961 1397 4012 Bewohner
1423 3962 1514 4012 des
1538 3963 1798 4027 Nordcm,
1828 3965 1887 4013 in
1914 3963 2135 4014 Ltidde's
2159 3965 2419 4014 Zeitsckr.
2456 3967 2500 4028 Γ.
2532 3964 2692 4028 verql.
2719 3965 2903 4025 Erdk„
2929 3968 3062 4027 1845,
3094 3967 3132 4014 t.
3155 3966 3243 4027 IV,

671 4056 723 4105 p.
774 4045 878 4092 169.
908 4044 981 4093 De
1015 4043 1343 4094 commercio
1372 4044 1518 4094 inter
1545 4044 1754 4094 Arabos
1787 4047 1842 4094 et
1878 4045 2066 4095 Baltici
2105 4045 2272 4095 maris
2296 4046 2528 4110 populos
2559 4045 2680 4095 vide
2708 4046 3061 4104 Rasmussen,
3090 4046 3245 4115 Εεεᾳὶ

669 4139 763 4173 sw·
799 4121 843 4171 le
874 4137 1155 4173 commerce
1182 4126 1231 4172 et
1264 4122 1333 4172 les
1352 4123 1609 4175 relations
1641 4124 1735 4174 des
1764 4123 1963 4174 Arabes
1991 4139 2116 4175 avec
2145 4124 2198 4174 la
2226 4127 2408 4175 Russie
2436 4128 2488 4174 et
2511 4124 2566 4175 la
2589 4125 2942 4175 scandinavie
2966 4124 3171 4176 durant
3200 4126 3246 4175 Ie

672 4217 858 4268 moyen
892 4206 992 4267 ἀρε
1021 4203 1265 4267 (Journal
1292 4204 1585 4270 Asialique,
1623 4207 1663 4253 t.
1698 4205 1742 4255 V
1770 4206 1824 4256 et
1856 4205 1943 4264 Vl,
1980 4208 2219 4270 1824-25).
2272 4206 2456 4267 Sttive,
2486 4206 2851 4269 Handelszilqc
2894 4206 2989 4255 der
3020 4204 3242 4266 Araber,

678 4276 880 4344 Berlin,
911 4286 1050 4333 1836.
1077 4283 1144 4334 V.
1177 4284 1373 4348 Lagus,
1406 4285 1481 4333 De
1508 4282 1691 4334 Idrisii
1721 4285 1912 4334 notitia
1939 4289 2199 4341 terrarum
2225 4285 2553 4335 Balticarum
2579 4286 2716 4343 (Atei
2741 4285 2827 4335 del
2858 4286 2931 4335 IV
2959 4285 3246 4348 Cenaresso

676 4364 822 4429 deqlz'
850 4362 1206 4424 Orientalisti,
1242 4367 1379 4425 1880,
1404 4379 1464 4428 p.
1500 4356 1630 4427 395).
1658 4362 1913 4425 Endielon,
1934 4365 2236 4416 -Commerce
2260 4365 2348 4425 des
2375 4365 2576 4415 Arabes
2603 4367 2738 4414 dans
2765 4363 2813 4414 le
2842 4364 2975 4415 nord
3000 4364 3065 4415 de
3098 4364 3244 4414 [Ἑα-

676 4458 801 4506 rope
847 4448 1009 4493 avant
1041 4443 1113 4492 les
1157 4444 1440 4504 croisades,
1471 4443 1640 4506 PariS,
1690 4447 1828 4495 1882.
1862 4444 1921 4494 G.
1958 4445 2142 4505 Jacob,
2191 4446 2292 4494 Der
2332 4443 2862 4494 nor-disch-balcische
2904 4443 3109 4495 Handel
3152 4444 3250 4495 der

675 4521 897 4585 Araber,
916 4523 1152 4587 Leipzig,
1192 4526 1329 4574 1887.
1355 4522 1457 4585 1d.,
1481 4522 1686 4574 Welclze
1717 4516 2149 4575 Handelsart'ikel
2180 4523 2396 4588 bezoyen
2430 4524 2515 4576 die
2557 4524 2757 4575 Araber
2787 4523 2881 4574 des
2907 4523 3247 4574 Mittclaltets

679 4617 780 4653 aus
811 4594 913 4652 den
954 4601 1219 4653 nordisclt·
1225 4598 1510 4655 ballischen
1519 4603 1796 4667 Lc‘inderm
1822 4603 2020 4680 Berlin,
2037 4604 2187 4658 1891.

741 4686 787 4732 2.
815 4683 1021 4732 Snorro
1042 4682 1773 4746 Sturleson,Heimsltrin9!a,
1796 4682 1879 4737 ed
1913 4683 2222 4747 Schoening,
2253 4670 2477 4756 Harmas,
2509 4674 2654 4734 1'777-
2663 4686 2797 4745 1826,
2827 4683 2931 4733 fol⁰
2958 4684 3022 4746 11,
3047 4697 3101 4747 p.
3131 4685 3252 4753 297,-

682 4758 992 4845 Weinhold,
1017 4760 1409 4816 Alluordisclaes
1434 4753 1614 4824 leben,
1645 4777 1712 4827 p.
1735 4756 1876 4819 loix.
2027 4814 2032 4821 ,
2451 4800 2456 4805 ,
