3609 5675
42 139 47 148 .

1586 525 1901 584 -65-

460 691 659 758 posse
685 668 979 751 videtur,
1015 668 1137 757 qui
1158 669 1374 737 nostri
1408 649 1779 740 nonnullas
1810 671 1893 739 de
1918 670 2242 738 Slavania
2265 669 2544 737 notitias
2578 670 2658 736 de
2690 671 2899 738 verbo
2929 673 3016 739 ad

455 784 744 852 verbum
795 784 1152 874 excerpsit.
1216 786 1628 855 Helmoldus
1689 787 1875 855 enim
1920 779 2359 853 Slai'anicam
2410 790 2664 851 terram
2713 785 3019 854 incolens

454 908 659 989 atque
715 899 797 965 de
851 899 1218 968 Slavorum
1262 902 1534 991 populis
1581 902 2024 993 peculiariter
2056 908 2123 968 et
2171 900 2371 968 unice
2427 901 2750 983 scribonS,
2813 906 3017 991 longe

452 1014 844 1082 accuratius
884 1013 966 1081 de
1003 1015 1139 1082 illis
1171 1016 1506 1110 disserere
1535 1018 1779 1105 potuit.
1828 1019 2261 1109 Quapropter
2292 1007 2718 1084 Giesebreelzt
2752 1039 3020 1107 semper

459 1153 582 1219 pro
620 1139 801 1197 certo
845 1137 1028 1198 tenet
1058 1131 1314 1199 Adami
1342 1141 1632 1218 textum,
1670 1133 1945 1223 qualem
1984 1133 2057 1199 in
2090 1154 2307 1200 manu
2345 1129 2704 1215 habemus,
2737 1156 3020 1222 corrup-

456 1245 664 1312 tionis
690 1254 926 1314 notam
951 1247 1224 1329 mereri,
1249 1244 1518 1338 'quoties
1542 1250 1723 1339 apud
1745 1249 2191 1316 Helmoldum
2213 1270 2349 1314 non
2367 1247 2629 1336 integre
2660 1248 3012 1336 repetitur.

457 1361 594 1428 Sed
638 1362 910 1429 admitti
956 1372 1183 1452 potest
1220 1363 1568 1430 Helmoldi
1609 1363 1916 1431 codicem
1954 1363 2411 1431 adulteratum
2461 1371 2580 1429 aut
2629 1371 3018 1430 truncatum

456 1476 696 1556 fuisse,
719 1484 839 1544 aut
856 1477 1052 1544 illum
1069 1478 1471 1568 scriptorem
1492 1479 1710 1570 plura,
1735 1488 1971 1569 utpote
1986 1478 2259 1545 inutilia
2277 1479 2383 1544 vel
2399 1500 2851 1567 supervacua,
2876 1502 3020 1545 am-

452 1593 829 1681 putavisse.
889 1594 1238 1661 Nonnulla
1274 1594 1486 1663 etiam
1529 1594 1769 1661 forsan
1789 1593 2183 1661 emendavit
2220 1616 2376 1684 quae
2410 1592 2664 1661 Adami
2707 1603 3016 1683 tompore

454 1708 623 1775 satis
654 1707 930 1779 veritati
959 1731 1285 1791 consona,
1324 1732 1448 1777 sua
1474 1716 1709 1778 autem
1740 1719 1941 1778 aetate
1978 1709 2150 1777 falsa
2183 1709 2364 1779 facta
2394 1718 2609 1775 erant.

479 1820 852 1891 .'Adamus
911 1823 1151 1893 Slavos
1198 1824 1378 1891 inter
1424 1825 1705 1893 Albiam
1745 1823 2205 1893 et‘Oddaram
2267 1824 2573 1890 Wz'mzlos
2635 1835 3014 1915 nuncupat,

450 1960 706 2028 eosque
760 1938 1115 2007 Vandalos
1161 1963 1311 2007 esse
1357 1946 1650 2031 reputat.
1699 1941 1867 2022 Quae
1905 1939 2347 2034 Winulorum
2388 1940 2756 2030 appellatio
2795 1941 3020 2029 prima

450 2055 599 2122 vice
651 2055 829 2145 apud
880 2065 1197 2123 nostrum
1235 2066 1542 2145 apparet,
1592 2066 1658 2123 et
1698 2077 2041 2145 nusquam
2082 2053 2368 2145 posthac
2415 2055 2693 2143 legitur,
2735 2078 2890 2121 cum
2936 2057 3016 2121 de

464 2170 774 2238 Winedz‘s
799 2170 1061 2261 ¹potius
1102 2172 1284 2262 apud
1313 2171 1744 2239 Einhardum
1782 2180 2183 2260 ceterosque
2229 2154 2597 2259 scriptores
2628 2193 2852 2240 sermo
2902 2172 3011 2237 sit.

456 2285 685 2352 Verba
739 2309 900 2353 vero
966 2286 1198 2353 Sela-vi
1255 2296 1320 2353 et
1381 2286 1665 2369 Wimclz’,
1728 2308 2022 2376 quorum
2082 2285 2355 2375 utrique
2414 2285 2728 2351 eamdem
2778 2286 3021 2352 tribuit

452 2399 1050 2489 significationem,
1096 2402 1304 2469 modo
1363 2401 1604 2470 latiore
1675 2424 1884 2468 sensu
1922 2401 2042 2491 (ΙΙ,
2096 2403 2204 2483 13,
2258 2403 2373 2482 19;
2419 2401 2538 2483 IV,
2615 2403 2746 2489 13),
2809 2402 3013 2470 modo

454 2516 792 2584 strictiore
823 2517 937 2606 (II,
963 2520 1068 2603 40,
1099 2521 1208 2600 46,
1236 2518 1345 2609 69)
1375 2518 1687 2585 Adamus
1717 2516 1949 2584 sumit.
1988 2516 2163 2600 Cum
2192 2516 2353 2583 dicit
2380 2516 2490 2603 (II,
2525 2519 2638 2602 24)
2672 2540 2685 2583 :
2725 2545 2756 2578 «
2789 2518 3018 2583 Eccle-

452 2632 574 2698 siae
612 2631 683 2698 in
729 2631 1091 2714 Sclavania
1127 2632 1387 2724 ubique
1421 2638 1666 2700 erectae
1705 2638 1867 2699 sunt
1903 2660 1934 2693 »
1966 2652 1981 2711 ;
2034 2640 2099 2698 et
2136 2652 2151 2698 :
2201 2660 2233 2693 «
2277 2632 2598 2699 Slavania
2640 2633 2708 2697 in
2741 2633 3014 2699 duode-

451 2747 697 2835 viginti
748 2769 969 2839 pagos
1012 2756 1114 2815 est
1172 2747 1524 2839 dispertita
1573 2777 1629 2832 »‚
1686 2747 1769 2814 de
1816 2746 2140 2815 Slavania
2196 2746 2432 2815 stricto
2493 2769 2697 2814 sensu
2755 2748 3007 2835 agitur,

453 2864 708 2933 scilicet
749 2864 831 2931 de
871 2863 1413 2953 Aldinburgensi
1454 2864 1757 2932 dioecesi.

542 2980 907 3047 Slavorum
946 3003 1105 3048 vero
1135 3004 1257 3048 seu
1277 2979 1722 3048 Winulorum
1752 2980 2174 3048 enumeratio
2199 2979 2632 3069 longioribus
2660 3002 3012 3047 commen-

449 3095 644 3162 tariis
673 3117 815 3161 non
854 3096 1139 3185 indiget.
1174 3096 1368 3166 Unus
1413 3105 1516 3162 est
1545 3096 1738 3163 locus
1766 3118 1801 3162 e
1831 3094 2257 3176 siccioribuS,
2292 3093 2409 3161 ubi
2437 3093 2749 3161 Adamus
2781 3096 3012 3183 saepis-

459 3204 628 3305 sime
677 3210 924 3277 «nuda
967 3211 1251 3279 nomina
1307 3211 1726 3311 populo-rum
1765 3238 1798 3273 »
1853 3218 2115 3278 tanturn
2178 3210 2459 3298 profert.
2511 3210 2678 3289 Quae
2729 3211 3013 3276 nomina

456 3327 784 3418 pleraque
821 3327 999 3420 apud
1034 3327 1477 3394 Helmoldum
1515 3326 1817 3419 reperire
1868 3335 1993 3408 est,
2046 3326 2164 3417 qui
2203 3335 2552 3423 auctorem
2590 3336 2905 3392 nostrum
2945 3327 3014 3393 in

448 3443 888 3531 assignandis
922 3441 1171 3533 cuique
1217 3443 1470 3533 populo
1515 3442 1796 3510 sedibus
1845 3443 2180 3532 sequitur,
2222 3441 2368 3532 ipse
2408 3449 2645 3509 autem
2681 3442 2901 3509 multa
2932 3443 3013 3509 de

450 3579 699 3624 eorum
750 3556 1060 3624 moribus
1112 3563 1181 3624 et
1236 3556 1463 3624 indole
1515 3556 1769 3647 adjicit.
1836 3557 1940 3623 Ex
1988 3556 2358 3624 Helmoldo
2413 3555 2627 3646 igitur
2665 3557 3012 3624 Adamum

449 3672 872 3762 locupletare
904 3672 1132 3761 magis
1177 3694 1388 3761 quam
1433 3672 1800 3739 emendare
1835 3671 2020 3739 licet.

509 3787 869 3855 ⁴Ceterum
922 3786 1286 3854 Slavorum
1330 3786 1742 3877 populorum
1793 3786 2277 3861 distributione
2333 3786 2506 3853 nihil
2553 3786 2911 3854 obscurius
2953 3799 3019 3854 et

451 3902 842 3985 confusiuS,
913 3903 1088 3971 nihil
1169 3902 1382 3970 variis
1465 3903 1648 3993 apud
1717 3902 2086 3993 scriptores
2162 3901 2702 3992 appellationum
2781 3903 3020 3968 formis

456 4019 876 4108 investigatu
900 4017 1268 4086 difficilius.
1305 4018 1449 4085 Illae
1480 4017 1841 4084 nominum
1868 4015 2289 4084 mutationes
2320 4040 2459 4084 non
2490 4041 2757 4109 semper
2780 4026 3020 4100 aucto-

455 4157 620 4205 rum
657 4133 1066 4223 ignorantiae
1107 4132 1208 4200 vel
1249 4131 1690 4222 negligentiae
1727 4140 1885 4199 sunt
1918 4129 2330 4200 tribuendae.
2373 4132 2565 4200 L'icet
2608 4133 2794 4200 enim
2832 4132 3016 4201 Slavi

454 4250 791 4318 nomades
827 4271 969 4317 non
1009 4249 1167 4330 sint,
1212 4269 1430 4338 neque
1464 4247 1662 4314 sedes
1701 4254 1992 4332 mutent,
2039 4245 2159 4313 sed
2196 4247 2435 4339 patriae
2484 4230 2630 4316 solo
2669 4248 3015 4316 adhaerere

454 4365 843 4450 videantur,
912 4372 1214 4432 attamen
1297 4362 1529 4454 populi
1591 4372 1744 4454 post
1800 4362 2060 4430 bellum
2128 4362 2500 4445 excidium,
2574 4373 2692 4431 aut
2770 4365 3018 4443 foedus‚

428 4466 831 4549 'foederisve
886 4480 1162 4561 solutio,
1219 4480 1530 4568 gentium
1586 4479 1837 4546 seriem
1890 4478 2177 4546 omnino
2235 4478 2648 4568 perturbare
2704 4488 3014 4571 possunt.
3101 4474 3104 4477 ’

480 4786 488 4791 .
527 4745 571 4789 1.
603 4740 730 4791 Loci
759 4740 1088 4804 colliguntur
1115 4738 1259 4802 apud
1290 4740 1456 4800 pertz,
1479 4738 1740 4799 Monam„
1763 4739 1801 4788 t.
1832 4739 1874 4799 Ι,
1901 4752 1954 4803 p.
1985 4741 2097 4800 658,
2130 4753 2178 4789 s.
2211 4753 2265 4788 v.
2305 4739 2528 4790 Winedz‘.
