3609 5675
1477 537 1795 597 ...15-

353 685 750 754 Bremensis
783 684 1340 776 archiepiscopus
1370 685 1721 774 cogitavit.
1767 685 1901 754 Sed
1938 707 2018 753 eo
2045 686 2198 778 ipso
2237 694 2543 778 tempore
2575 709 2710 777 quo
2733 677 2936 755 Slavi‘

356 800 801 883 rebellabant,
847 800 1072 869 denuo
1113 809 1354 869 exorta
1401 809 1504 867 est
1540 791 2005 889 gentilitas‘in
2047 801 2292 870 Suecia
2343 797 2724 892 superiore,
2772 824 2927 891 quae

355 922 520 985 tunc
551 938 590 983 a
623 914 873 983 Gothia
900 919 974 983 in
1013 915 1406 983 christianis
1431 916 1740 1006 partibus
1772 923 1998 984 stante
2040 917 2349 984 secessit.

444 1031 812 1120 Norvegia,
874 1030 1036 1098 licet
1093 1030 1255 1099 Olaf
1293 1040 1625 1119 regnante
1669 1030 1756 1099 ad
1804 1030 2258 1099 christianam
2307 1031 2514 1099 fidem
2566 1054 2923 1116 conversa,

357 1146 1069 1235 Hammaburgensem
1109 1145 1589 1214 auctoritatem
1641 1168 1807 1214 mox
1855 1156 2173 1214 excutere
2226 1146 2538 1230 tentavit,
2594 1156 2926 1236 regnante

359 1261 684 1347 Haraldo,
716 1261 832 1351 qui
875 1283 1054 1330 anno
1087 1262 1256 1329 1047
1296 1261 1547 1350 Magno
1578 1262 1771 1329 Bono
1810 1270 2254 1329 successerat.
2290 1262 2531 1352 Neque
2565 1271 2724 1329 ante
2747 1285 2932 1330 mor-

357 1383 558 1445 tuum
584 1376 1003 1458 Haraldum,
1022 1376 1203 1468 apud
1231 1399 1436 1467 quem
1461 1376 1841 1467 Byzantina
1865 1377 2239 1444 auctoritas
2262 1377 2562 1444 multum
2591 1378 2924 1462 valuerat,

363 1493 638 1583 quique,
672 1492 729 1559 si
769 1491 1042 1560 Adamo
1073 1491 1457 1575 credamuS,
1494 1514 1652 1560 vere
1681 1498 2019 1583 tyrannus
2046 1491 2200 1576 fuit,
2235 1492 2679 1560 Drontemnis
2719 1493 2932 1563 eccle-

365 1608 486 1676 siae
526 1607 776 1676 melius
806 1630 917 1675 res
949 1631 1021 1675 se
1050 1607 1473 1675 habuerunt.
2023 1607 2026 1610 ’

453 1720 535 1790 In
603 1713 1107 1790 remotissimas
1186 1722 1552 1811 Norvegiae
1651 1723 1984 1806 coloniaS,
2056 1721 2440 1792 Islandiam
2539 1723 2802 1792 scilicet
2868 1733 2936 1791 et

364 1838 881 1923 Gronlandiam,
927 1838 1107 1907 circa
1145 1860 1406 1906 annum
1445 1841 1616 1909 1000
1665 1838 2041 1907 christiana
2081 1838 2252 1906 fides
2300 1839 2570 1907 invecta
2611 1837 2738 1906 est.
2775 1838 2936 1906 lllas

365 1954 683 2043 regiones
734 1954 1172 2044 longinquaS,
1225 1976 1521 2044 quarum
1569 1954 1640 2021 in
1687 1953 2196 2045 pontificalibus
2247 1954 2495 2022 litteris
2538 1977 2716 2021 anno
2764 1958 2936 2024 1027

366 2069 556 2137 nulla
622 2069 847 2137 adhuc
880 2077 889 2084 ’
921 2069 992 2136 fit
1053 2068 1336 2152 mentio,
1401 2069 1708 2159 primum
1765 2068 2106 2142 memorat
2171 2070 2425 2138 Leonis
2491 2071 2585 2139 IX
2647 2069 2937 2160 epistola

364 2204 544 2253 anno
588 2187 784 2252 1053.
819 2184 1168 2269 Islandiae,
1203 2185 1312 2253 cui
1345 2185 1695 2275 peregrini
1736 2194 2006 2253 tantum
2041 2186 2400 2275 hucusque
2441 2186 2714 2254 fuerant
2753 2187 2933 2275 epis-

366 2299 544 2390 copi,
583 2322 768 2367 nunc
796 2322 961 2367 suus
998 2308 1101 2366 est
1132 2308 1198 2366 et
1227 2299 1426 2366 titulo
1466 2308 1534 2366 et
1569 2322 1826 2389 genere
1860 2299 2223 2391 episcopus
2258 2300 2479 2390 Islez'f,
2505 2322 2690 2368 anno
2729 2304 2925 2369 1055.

358 2414 673 2484 Ονοᾶᾶθε
709 2414 980 2499 insulae,
1017 2414 1146 2482 etsi
1179 2437 1218 2482 a
1249 2414 1470 2482 Scotis
1499 2414 1586 2483 ad
1625 2414 1833 2482 fidem
1864 2414 2201 2496 adductae,
2245 2415 2603 2482 Bremensi
2630 2409 2933 2484 ecclesiae

368 2529 730 2620 adscriptae
775 2538 936 2598 sunt
975 2530 1164 2620 (Ad.,
1199 2529 1320 2612 IV,
1366 2534 1429 2612 8,
1463 2529 1599 2620 34).
1635 2531 1736 2599 Ea
1784 2540 1890 2598 est
1932 2558 1964 2592 «
2005 2530 2259 2619 legatio
2290 2530 2674 2598 borealium
2711 2531 2937 2600 natio-

365 2668 536 2714 num
591 2674 623 2708 >›
677 2646 825 2736 (III,
883 2646 1020 2735 17),
1070 2669 1151 2714 ea
1212 2673 1244 2708 «
1296 2646 1553 2735 legatio
1612 2646 1929 2736 gentium
1963 2675 1996 2710 >›
2028 2646 2203 2737 .(111,
2272 2648 2364 2734 1).
2416 2646 2593 2714 Eam
2631 2647 2938 2738 possidet

366 2761 767 2828 Bremensis
798 2823 802 2830 .
835 2760 1382 2852 archiepiscopus
1457 2788 1489 2824 «
1555 2741 2069 2830 haereditariam
2144 2761 2571 2851 praedicandi
2647 2760 2940 2853 legatio-

371 2899 531 2945 nem
577 2878 650 2944 in
694 2886 909 2946 totam
953 2877 1439 2969 septentrionis
1488 2877 1931 2946 latitudinem
1978 2905 2011 2939 »
2053 2878 2267 2968 Δ(Α(1.,
2314 2881 2508 2967 praef.
2559 2878 2644 2946 ad
2677 2878 2944 2947 Liema-

370 2994 577 3084 rum).
621 2993 706 3060 Et
741 2994 962 3084 qualis
1012 3002 1078 3061 et
1126 3002 1381 3084 quanta
1419 2995 1572 3083 ejus
1610 2998 1917 3083 potestas
1956 2992 2215 3060 indicat
2247 2992 2559 3061 Adamus
2596 2993 2747 3084 (III,
2783 2996 2936 3083 70);

377 3138 411 3172 «
452 3109 516 3177 A
562 3132 739 3199 papa
776 3109 1036 3176 meruit
1081 3109 1213 3177 hoc
1268 3107 1631 3196 dignitatis
1665 3107 2129 3198 privilegium,
2172 3117 2245 3175 ut
2302 3117 2526 3176 totum
2566 3112 2685 3199 jus
2734 3131 2941 3176 suum

377 3224 675 3292 domnus
734 3224 1151 3315 apostolicus
1198 3223 1271 3291 in
1319 3222 1517 3290 illum
1562 3221 2076 3291 transfunderet
2129 3246 2699 3314 successoresque
2760 3223 2936 3314 ejuS,

378 3339 550 3407 adeo
580 3348 656 3406 ut
691 3338 839 3430 ipse
881 3363 1001 3430 per
1028 3345 1253 3407 totum
1286 3337 1683 3429 aquilonem
1712 3337 1784 3406 in
1816 3338 2068 3429 quibus
2095 3338 2266 3406 locis
2299 3348 2722 3430 oportunum
2751 3339 2945 3407 vide-

376 3452 599 3536 batur,
645 3476 826 3545 saepe
859 3454 1096 3522 invitis
1134 3453 1438 3543 regibus,
1476 3453 1914 3544 episcopatus
1946 3452 2413 3539 constitueret,
2458 3453 2943 3551 ordinaretque

346 3569 736 3661 ,episcopos
769 3592 852 3636 ex
884 3569 1147 3661 capella
1185 3591 1312 3637 sua
1351 3591 1523 3660 quos
1563 3568 1774 3636 vellet
1800 3568 2078 3637 electos,
2129 3597 2161 3632 »

467 3684 596 3753 Illa
659 3693 893 3753 tamen
940 3684 1280 3752 immensa
1326 3684 1652 3753 Ecclesiae
1701 3683 2060 3775 provincia
2101 3685 2290 3753 haud
2327 3685 2543 3754 multo
2580 3691 2739 3776 post
2767 3685 2950 3753 Ada-

377 3822 573 3868 mum
591 3800 663 3867 in
681 3801 908 3869 varias
924 3810 1151 3892 partes
1167 3822 1332 3869 mox
1348 3799 1797 3867 distrahetur:
1823 3799 1908 3867 ab
1926 3822 2008 3868 ea
2022 3800 2323 3891 primum
2338 3801 2560 3868 Dania
2580 3823 2759 3869 anno
2775 3803 2946 3868 1103

381 3915 989 3998 dissociataJtum
1043 3916 1290 3985 Suecia
1341 3915 1663 3997 alienata,
1712 3914 2010 4005 denique
2067 3915 2439 4005 Norvegia.
2492 3916 2627 3983 Sed
2678 3914 2948 3984 Adamo

377 4040 615 4108 nostro
672 4031 947 4099 vivente
1012 4054 1089 4099 ac
1151 4030 1516 4116 scribente,
1588 4029 1907 4121 quamvis
1970 4029 2134 4097 anni
2201 4032 2373 4098 1066
2441 4030 2950 4099 vicissitudines

380 4146 772 4214 christianae
798 4146 954 4214 fidei
984 4145 1445 4236 propagandae
1464 4149 1615 4236 jam
1645 4145 1897 4227 obsint,
1935 4145 2252 4234 quamvis
2284 4145 2526 4214 civitas
2566 4154 2633 4212 et
2662 4146 2952 4215 ecclesia

377 4261 680 4348 pessimo
736 4268 920 4330 statu
979 4262 1141 4345 sint,
1194 4260 1442 4329 Brema
1484 4270 1715 4328 tamen
1768 4259 2272 4350 Septentrionis
2330 4260 2553 4329 Roma
2609 4269 2947 4329 remanet.

378 4377 568 4445 Audi
624 4380 975 4447 Adamum
1038 4379 1120 4447 de
1161 4379 1291 4446 hac
1347 4379 1707 4468 «parvula
1754 4377 2005 4446 Brema
2061 4405 2093 4439 »
2165 4376 2594 4468 loquentem,
2632 4407 2664 4440 «
2733 4379 2951 4446 instar

383 4497 627 4565 Romae
669 4493 1047 4583 divulgata,
1090 4494 1173 4562 ab
1210 4494 1531 4561 omnibus
1563 4500 1903 4561 terrarum
1948 4492 2253 4582 partibus
2284 4492 2683 4560 catervatim
2709 4493 2946 4584 petita,

380 4612 684 4680 maxime
743 4634 782 4678 a
835 4609 1488 4701 septentrionalibus
1527 4606 1800 4700 populis
1846 4636 1877 4673 »
1930 4608 2078 4695 (III,
2121 4608 2258 4700 70).
2327 4609 2502 4677 Cum
2552 4608 2953 4702 pontificum

383 4727 1046 4816 Hammaburgensis
1113 4736 1181 4794 et
1241 4725 1638 4793 Bremensis
1703 4724 2007 4793 ecclesiae
2078 4730 2306 4812 gesta,
2357 4746 2398 4793 a
2459 4724 2618 4793 sede
2680 4725 2954 4794 condita

49 5482 241 5654 t.
