3609 5675
1766 501 2087 560 ..34-

636 647 979 717 instabilis
1036 647 1274 716 oceani
1336 646 1647 738 euripus,
1698 649 1787 716 ad
1850 648 2047 717 initia
2102 647 2421 739 quaedam
2475 649 2687 717 fontis
2739 649 2846 718 sui
2905 650 3204 719 archana

634 786 1022 846 recurrenS,
1090 761 1393 831 infelices
1454 769 1783 832 nautae...
1856 763 2469 832 vehementissimo
2533 763 2798 856 impetu
2855 765 3067 833 traxit
3121 766 3208 832 ad

637 879 849 948 cbaos
887 878 1057 946 illud
1094 877 1535 969 profundum,
1566 877 1639 946 in
1680 901 1816 969 quo
1845 879 2029 948 fama
2054 890 2159 947 est
2189 901 2430 948 omnes
2454 901 2778 948 recursus
2807 881 3044 966 mariS,
3090 882 3207 973 qui

634 993 1028 1062 decrescere
1085 992 1430 1071 videntur,
1489 992 1840 1062 absorberi
1895 1001 1964 1062 et
2013 993 2239 1063 denuo
2287 995 2574 1080 revomi,
2620 995 2806 1084 quod
2851 996 3207 1065 fluctuatio

636 1131 950 1180 crescens
989 1105 1125 1176 dici
1166 1108 1361 1175 solet.
1408 1107 1595 1176 Tunc
1638 1106 1776 1175 illis
1825 1108 2047 1177 solam
2092 1109 2220 1177 Dei
2255 1108 2803 1179 misericordiam
2841 1110 3210 1202 imploran-

636 1224 900 1294 tibus...
937 1224 1239 1315 impetus
1266 1222 1378 1290 ille
1405 1245 1767 1291 recurrens
1792 1223 2022 1315 pelagi
2054 1224 2391 1315 quasdam
2413 1223 2762 1293 sociorum
2786 1248 3001 1294 naves
3026 1226 3210 1300 abri-

633 1339 807 1433 puit,
849 1348 1131 1409 caeteras
1158 1348 1391 1407 autem
1419 1360 1787 1408 revomens
1829 1339 2169 1422 excursio,
2198 1339 2404 1430 longe
2434 1339 2521 1408 ab
2556 1340 2791 1409 alteris
2829 1351 2985 1433 post
3016 1353 3211 1431 terga

634 1455 952 1547 reppulit.
1002 1454 1193 1523 Illi...
1238 1460 1382 1522 toto
1427 1452 1584 1521 nisu
1631 1476 1989 1523 remorum
2031 1455 2285 1523 fluctus
2334 1456 2755 1547 adjuvarunt
2799 1486 2832 1520 »
2877 1459 3019 1546 (IV,
3064 1460 3204 1546 39).

633 1569 806 1652 Quae
838 1569 1117 1662 quidem
1141 1569 1294 1638 loca
1324 1568 1721 1637 obscuriora
1750 1579 1910 1637 sunt
1941 1593 2157 1662 quum
2191 1578 2266 1637 ut
2297 1570 2381 1639 de
2413 1570 2626 1638 maris
2656 1582 2827 1640 aestu
2855 1572 2969 1663 agi
3011 1573 3208 1641 facile

631 1685 932 1777 primum
975 1684 1344 1773 intelligaS.
1392 1684 1651 1752 Verum
1692 1706 1848 1774 quae
1893 1683 2180 1753 inferius
2209 1685 2401 1754 addit
2447 1686 2600 1775 (IV,
2648 1688 2761 1777 40)
2804 1687 2978 1754 nihil
3015 1688 3207 1756 dubii

633 1822 991 1891 superesse
1023 1799 1262 1867 sinunt
1296 1823 1311 1868 :
1355 1826 1387 1861 «
1422 1799 1597 1867 Sunt
1626 1807 1693 1866 et
1723 1798 1860 1868 alia
1887 1822 2041 1891 quae
2071 1823 2210 1869 non
2241 1800 2624 1891 incongrue
2659 1812 2889 1869 essent
2916 1801 3210 1871 dicenda

633 1916 718 1983 de
774 1916 893 1983 illo
948 1923 1121 1982 aestu
1171 1913 1385 1983 maris
1437 1914 1508 1981 in
1561 1913 1672 1982 die
1732 1913 1841 1982 bis
1894 1915 2100 1984 citato
2157 1935 2174 1983 ε
2233 1916 2420 2007 quod
2484 1915 2897 1985 miraculum
2947 1917 3212 2008 praebet

635 2031 955 2100 omnibus
994 2029 1422 2113 maximum3
1468 2029 1566 2096 ita
1600 2038 1676 2098 ut
1710 2029 1871 2120 ipsi,
1907 2031 2026 2121 qui
2053 2053 2305 2100 arcana
2340 2054 2573 2101 rerum
2613 2031 2858 2123 phisici
2891 2054 3211 2123 perscru-

633 2151 890 2227 tantur,
935 2144 1007 2212 in
1048 2144 1547 2214 dubitationem
1587 2145 1838 2213 cadant
1871 2147 2025 2236 ejus
2063 2146 2192 2231 rei,
2235 2149 2434 2238 cujus
2478 2146 2805 2236 ignorant
2842 2147 3208 2236 originem.

636 2261 946 2351 Cumque
1004 2260 1393 2329 Macrobius
1451 2269 1520 2328 et
1569 2259 1757 2328 Beda
1812 2258 2179 2328 videantur
2234 2284 2322 2329 ex
2375 2260 2494 2330 illa
2551 2284 2623 2328 re
2677 2260 2939 2353 aliquid
2991 2263 3211 2353 loqui,

642 2376 960 2445 Lucanus
1005 2384 1236 2444 autem
1281 2375 1453 2443 nihil
1489 2398 1563 2443 se
1600 2375 1773 2444 scire
1814 2377 2137 2460 fateatur,
2189 2376 2444 2444 diversi
2491 2385 2818 2447 auctores
2842 2378 3056 2446 variis
3094 2403 3219 2469 pu—

645 2501 855 2582 gnant
881 2491 1241 2560 sententiis
1262 2514 1278 2574 ;
1300 2513 1544 2560 omnes
1564 2500 1798 2559 autem
1827 2492 2109 2560 incertis
2135 2491 2390 2560 abeunt
2416 2492 2822 2561 rationibus,
2849 2522 2881 2555 »
2909 2493 3221 2585 Cumque

641 2615 788 2676 tam
824 2608 1121 2676 incertas
1154 2617 1538 2699 sequuntur
1575 2606 1905 2690 rationeS‚
1951 2629 2068 2675 eas
2096 2630 2238 2675 non
2265 2608 2663 2676 referendas
2693 2619 2925 2676 censet
2957 2616 3222 2692 noster,

643 2733 708 2791 et
761 2723 1034 2811 argutia
1087 2722 1388 2814 quadam
1437 2721 1914 2790 difficultatem
1963 2720 2325 2810 eluctatus,
2378 2722 2729 2792 renuntiat
2786 2751 2819 2785 «
2876 2745 3035 2791 cum
3083 2723 3224 2792 sint

642 2836 939 2930 abyssus
969 2839 1094 2906 Dei
1127 2836 1420 2930 judicia,
1458 2846 1524 2905 et
1555 2836 2287 2929 incomprehensibilia
2319 2837 2634 2908 dicantur
2664 2865 2726 2922 ›>,
2761 2837 2937 2906 nihil
2961 2837 3222 2907 mirum

642 2977 795 3023 esse
832 2954 1012 3045 quod
1054 2953 1345 3045 abyssus
1372 2954 1523 3044 ipsa
1552 2952 1848 3043 intelligi
1881 2962 2203 3044 nequeat.

733 3072 1229 3141 Verumtamen
1274 3068 1569 3138 dilucide
1614 3068 1807 3160 prius
1862 3077 1927 3135 et
1967 3068 2246 3158 egregie
2295 3069 2378 3137 de
2435 3079 2644 3138 aestus
2695 3069 3218 3138 transmissione

642 3187 1063 3279 scripserant
1081 3196 1147 3253 et
1162 3184 1590 3255 Macrobius¹
1623 3193 1689 3251 et
1723 3183 1965 3267 Beda2,
1987 3206 2028 3251 a
2053 3207 2189 3274 quo
2209 3207 2288 3252 ea
2311 3184 2425 3253 lex
2447 3185 2710 3275 perlata
2727 3192 2830 3254 est
2865 3207 2881 3253 ε
2919 3213 2951 3247 «
2975 3184 3219 3252 AEstus

649 3301 904 3370 Oceani
921 3302 1155 3368 lunam
1187 3299 1580 3390 sequitur.»
1613 3299 1867 3368 Mirum
1892 3318 2055 3367 sane
2086 3308 2187 3368 est
2213 3300 2565 3368 Adamum
2590 3285 2789 3384 nihil,
2818 3301 2930 3368 vel
2947 3300 3212 3383 leviter,

650 3416 963 3504 attigisse
991 3415 1073 3483 de
1099 3414 1218 3482 illa
1251 3414 1435 3482 lunae
1461 3415 1715 3482 virtute‘
1748 3423 1890 3482 tam
1922 3414 2304 3506 perspicua,
2335 3423 2409 3482 ut
2432 3416 2793 3485 Phoenices
2833 3438 2972 3483 non
3000 3415 3218 3484 latue-

650 3530 761 3609 rit,
789 3529 1001 3620 etipsi
1027 3538 1333 3617 agrestes
1351 3527 1616 3618 ferique
1638 3528 1956 3596 homines
1975 3529 2165 3597 illam
2184 3531 2682 3620 propemodum
2706 3530 3213 3623 praesenserint.

646 3644 868 3736 'Cujus
890 3644 1142 3712 Adami
1169 3642 1582 3732 ignorantiae
1607 3666 1689 3711 ea
1705 3666 1843 3712 una
1865 3645 2096 3712 forsan
2128 3644 2519 3713 adhibenda
2546 3654 2649 3712 est
2676 3667 2909 3728 causa,
2927 3645 3111 3736 quod
3130 3646 3217 3714 ad

651 3758 893 3828 Baltici
943 3765 1209 3827 tantum
1247 3758 1462 3826 maris
1505 3757 1761 3842 littora,
1794 3759 1911 3827 vix
1946 3759 2146 3827 aestui
2201 3758 2525 3842 obnoxia,
2569 3762 2951 3851 appulerat,
2994 3782 3213 3851 neque

651 3874 784 3969 ipsi
830 3898 988 3944 cum
1037 3876 1301 3942 Bremae
1357 3874 1663 3964 degeret,
1725 3876 2050 3943 eumdem
2092 3875 2304 3943 maris
2342 3882 2590 3943 aestum
2633 3885 2814 3943 recte
2859 3876 3221 3944 observare

653 3989 926 4059 licebat.
962 3989 1151 4059 Beda
1185 4012 1349 4057 vero
1388 3989 1731 4057 maximos
1769 3989 2045 4078 Anglici
2070 3989 2321 4058 littoris
2361 3999 2571 4059 aestus
2601 3991 2877 4083 penitus
2908 4000 3211 4059 noverat.

744 4105 836 4172 At
876 4105 1190 4196 quamvis
1224 4104 1535 4172 Adamus
1570 4126 1717 4171 rem
1758 4104 2036 4172 definire
2068 4104 2357 4187 dubitet,
2392 4105 2564 4197 ipsis
2600 4110 2753 4197 ejus
2792 4105 3021 4174 verbis
3061 4127 3218 4173 eum

637 4229 695 4290 'a
745 4220 982 4289 Solino
1021 4218 1335 4288 nonnihil
1373 4219 1719 4310 accepisse
1769 4219 2104 4310 conjicere
2159 4228 2286 4289 est.
2327 4219 2437 4289 Sic
2486 4221 2672 4288 enim
2727 4221 2879 4289 ille³
2925 4221 3218 4290 affirmat

722 4474 766 4536 1.
803 4470 1040 4520 Macrob.
1074 4469 1253 4517 Somn.
1286 4467 1448 4531 Scip„
1479 4466 1544 4528 11,
1572 4472 1626 4520 9,

718 4554 766 4601 2.
793 4550 953 4611 Beda,
984 4549 1048 4599 de
1076 4552 1272 4598 natura
1300 4562 1497 4608 rerum,
1538 4560 1654 4610 cap.
1677 4549 1756 4597 39.
1794 4546 1871 4620 Cf.
1906 4547 2167 4612 Gunther,
2202 4548 2385 4602 Geseh.
2410 4549 2462 4599 d.
2496 4550 2744 4600 mathem.
2783 4549 3111 4600 Unterre'chts
3143 4549 3214 4598 im

656 4629 990 4693 Mittelalter,
1017 4643 1070 4692 p.
1104 4630 1150 4678 4.

723 4713 771 4762 3.
804 4710 974 4763 Solin.
1000 4708 1180 4769 XXIII,
1213 4711 1291 4769 20,
1322 4710 1404 4771 21,
1432 4706 1523 4757 edo
1553 4708 1874 4770 Mommsen,
1901 4720 1964 4771 p.
2002 4711 2114 4767 120.
