3609 5675
1468 603 1780 664 ...23-

329 757 724 850 procedere,
779 740 916 847 qua
957 756 1189 824 valeat
1242 755 1471 847 quoad
1517 753 2019 844 Septentrionis
2059 752 2422 821 historiam
2463 753 2892 821 auctoritate.

331 873 488 941 Non
536 871 720 962 quod
775 872 864 939 ad
916 893 1116 938 suam
1160 876 1436 939 tantum
1474 869 1838 939 ecclesiam
1886 868 2204 959 pertinet,
2257 887 2503 937 verum
2550 868 2762 936 etiam
2813 892 2899 937 ex

337 988 648 1056 omnium
700 987 1144 1078 populorum,
1199 987 1309 1055 vel
1353 987 1781 1054 Francorum
1839 994 1907 1053 et
1963 985 2379 1074 Anglorum,
2428 984 2819 1068 annalibuS,
2863 1007 2899 1051 e

333 1102 476 1170 vita
515 1102 1078 1195 presbyterorum
1126 1102 1211 1171 ad
1241 1101 1453 1170 fidem
1488 1099 2008 1192 propagandam
2046 1100 2445 1182 missorum,
2498 1108 2566 1167 et
2614 1122 2700 1167 ex
2745 1099 2903 1168 aliis

335 1216 683 1287 historicis
740 1217 1214 1285 monumentis
1264 1216 1542 1306 collegit
1598 1214 1935 1307 quidquid
1999 1215 2085 1283 ad
2159 1215 2393 1283 Dauos
2451 1225 2573 1284 aut
2636 1225 2902 1284 ceteros

333 1334 770 1401 Nor-mannos
798 1341 1082 1424 spectat,
1110 1341 1447 1423 quantum
1474 1330 1648 1398 illud
1670 1328 2068 1400 Bremensis
2093 1330 2397 1399 ecclesiae
2415 1330 2630 1420 gestis
2646 1330 2902 1399 melius

336 1448 824 1540 dignoscendis
863 1448 1029 1518 utile
1070 1447 1441 1516 existimat.

423 1563 745 1651 Plerique
794 1564 868 1631 hi
931 1571 1248 1633 auctores
1305 1584 1526 1654 pauca
1580 1560 1683 1629 illi
1734 1561 1819 1631 ad
1885 1561 2387 1653 geographiam
2435 1562 2896 1647 contulerunt,

335 1702 461 1748 nec
508 1679 888 1769 imaginem
942 1688 1010 1747 et
1058 1679 1456 1770 opinionem
1497 1697 1706 1768 quam
1764 1679 1848 1746 de
1897 1678 2303 1768 regionibus
2350 1677 2717 1769 Aquilonis
2770 1677 2902 1745 sibi

336 1795 695 1863 effinxerat
737 1794 1309 1862 immutaverunt.
1347 1793 1404 1860 E
1440 1794 1584 1863 vita
1613 1803 2013 1862 sanctorum
2046 1793 2503 1878 willibrordi,
2551 1792 2903 1883 Liudgerii

337 1919 405 1978 et
438 1910 764 1978 Anskarii
806 1911 1140 1978 nonnulla
1170 1909 1429 2000 accepit
1461 1931 1477 1992 ;
1509 1932 1735 2000 neque
1769 1931 1932 1977 vero
1959 1909 2178 1977 firmis
2218 1909 2603 1977 rationibus
2631 1906 2904 2000 probari

334 2032 561 2115 potest
601 2047 761 2092 eum
797 2025 1032 2093 nescio
1075 2025 1259 2116 quod
1291 2024 1619 2112 Anskar-ii
1658 2024 2096 2093 itinerarium
2138 2033 2204 2091 et
2236 2024 2538 2092 diarium
2568 2023 2900 2092 novisse¹.

336 2139 442 2208 Ab
493 2139 853 2208 Einhardo
901 2140 1338 2232 potissimum
1377 2139 1714 2231 plurimas
1758 2146 1829 2207 et
1856 2139 2137 2207 maximi
2172 2140 2528 2222 momenti,
2567 2138 2929 2230 praecipue-

339 2256 569 2346 quoad
594 2256 977 2325 Saxoniam
1012 2265 1079 2323 et
1110 2254 1454 2324 Balticum
1486 2277 1704 2339 mare,
1731 2255 2050 2323 notiones
2069 2254 2327 2323 hausit.
2361 2254 2578 2349 Cujus
2605 2254 2905 2324 auctoris

340 2370 426 2439 ab
474 2372 746 2440 Adamo
795 2372 1094 2439 citantur
1151 2371 1302 2441 Vita
1360 2370 1595 2439 Karolz'
1639 2380 1704 2438 et
1761 2371 2094 2453 Historia,
2152 2370 2328 2438 liber
2379 2370 2649 2455 deinde,
2702 2391 2910 2461 quem

335 2495 542 2554 *vocat
596 2486 937 2553 Einhardi
980 2488 1184 2553 Gesta
1222 2488 1603 2566 Saxonum,
1655 2485 1772 2577 qui
1810 2506 2052 2553 revera
2094 2485 2268 2552 nihil
2322 2485 2513 2552 aliud
2556 2491 2662 2553 est
2699 2505 2909 2576 quam

354 2603 730 2669 Translatz'o
768 2604 841 2670 S.
882 2601 1282 2684 Alexandri,
1344 2624 1385 2669 a
1450 2601 1751 2669 Rudolfo
1812 2600 2148 2691 seripta23
2218 2600 2514 2691 denique
2566 2598 2918 2668 Einhardz‘

338 2716 659 2800 AnnaleS,
721 2717 1102 2784 Fuldenses
1184 2717 1395 2805 vulgo
1467 2716 1653 2801 dicti,
1719 2716 1835 2807 qui
1903 2739 1990 2783 ex
2068 2716 2361 2784 historia
2430 2738 2642 2807 quam
2711 2723 2911 2783 vocat

340 2832 765 2901 Francorum
810 2856 1026 2924 usque
1075 2831 1161 2900 ad
1203 2854 1461 2901 annum
1501 2835 1624 2903 911
1667 2832 1995 2922 perducta
2033 2832 2096 2899 ei
2138 2831 2523 2901 innotuisse
2564 2830 2905 2902 videntur.

433 2948 697 3016 Praeter
739 2970 1132 3017 coaevorum
1175 2948 1606 3017 narrationes
1647 2957 1712 3016 et
1753 2948 2212 3032 Einhardum,
2256 2948 2563 3016 classicis
2605 2947 2911 3016 romanis

336 3064 733 3151 auctoribus
803 3064 1084 3132 innixus
1136 3062 2157 3155 geographicam-disciplinam
2213 3062 2598 3131 construxit
2650 3071 2905 3130 noster.

344 3182 411 3248 A
436 3178 880 3270 scriptoribus
916 3179 1042 3246 IX⁰
1070 3179 1304 3247 seculo
1348 3177 1911 3270 antiquioribus⁸,
1938 3179 2159 3246 multo
2198 3177 2395 3269 plura
2425 3201 2635 3268 quam
2671 3177 2912 3246 credas

339 3294 571 3386 quoad
610 3294 739 3361 hoc
771 3303 1044 3385 tempus
1084 3300 1152 3361 et
1189 3295 1367 3361 hanc
1405 3294 1700 3383 Europae
1730 3303 1997 3384 partem
2038 3302 2225 3361 tenet
2255 3293 2683 3361 documenta.
2723 3293 2915 3360 Inter

341 3410 500 3477 illos
551 3419 890 3492 auctores»,
944 3416 1182 3501 poetas
1222 3418 1299 3475 ut
1335 3408 1728 3498 Virgilium,
1774 3409 2122 3491 Flaccum,
2167 3408 2547 3491 Lucanum,
2591 3429 2917 3477 nonnun-

346 3547 566 3616 quam
596 3524 872 3593 insolite
898 3524 1217 3615 appellat.
1249 3524 1654 3592 Sallustium
1682 3546 1867 3608 ver0,
1900 3534 1976 3591 ut
2006 3524 2473 3593 Widukindus
2497 3531 2564 3592 et
2587 3524 2917 3594 Lamber-

342 3648 462 3708 tus
481 3639 1012 3723 HersfeldensiS,
1035 3639 1338 3707 maxime
1363 3639 1675 3707 omnium
1699 3639 2001 3722 adhibet,
2020 3642 2219 3730 cujus
2240 3641 2614 3708 sententias
2645 3647 2714 3709 et
2736 3641 2916 3709 inte-

344 3778 510 3846 gras
571 3756 854 3825 notitias
905 3755 1201 3846 propriae
1245 3755 1543 3823 orationi
1578 3754 1845 3840 inserit,
1902 3777 2104 3847 quem
2150 3755 2408 3823 imitari
2462 3756 2650 3824 omni
2707 3778 2918 3848 opera

416 3946 458 3992 1.
488 3943 640 4002 Quod
664 3941 1003 3993 itinerarium
1037 3940 1132 3990 diu
1161 3941 1400 3991 Corbeioe
1441 3945 1719 3992 servatum
1748 3942 1960 4003 suisset,
1993 3951 2114 3991 x111⁰
2142 3943 2322 3992 seculo
2358 3944 2542 3993 Romae
2572 3944 2916 4004 translatum,

350 4025 406 4073 et
438 4022 668 4073 ulterius
708 4021 988 4070 amissum.
1020 4021 1404 4071 commentitia
1438 4021 1553 4070 haec
1588 4022 1671 4071 est
1696 4021 1881 4071 fabula
1905 4021 2146 4070 Paullino
2187 4022 2490 4082 tribuenda,
2517 4023 2576 4071 in
2601 4023 2917 4074 adulteratis

348 4102 637 4153 annalibus
696 4101 1132 4164 CorbejensibuS,
1174 4101 1486 4165 Syntagma‚
1531 4101 1670 4151 1698.
1715 4102 1848 4150 Cum
1890 4101 2127 4151 Adamus
2165 4116 2310 4166 saepe
2349 4103 2472 4152 vitae
2504 4103 2757 4153 tribuerit
2799 4118 2918 4167 quae

348 4183 411 4232 in
439 4197 502 4232 ea
527 4182 688 4232 hodie
722 4196 834 4231 non
874 4182 1196 4244 reperimus,
1230 4195 1327 4230 seu
1365 4180 1652 4231 deficiente
1685 4182 1966 4243 memoria,
2012 4195 2108 4230 seu
2151 4181 2450 4246 exemplari
2485 4185 2601 4246 ejus
2637 4198 2669 4233 a
2727 4188 2920 4234 nostro

350 4264 711 4326 discrepante,
754 4262 833 4312 ita
870 4261 1204 4311 conformari
1248 4261 1424 4325 potuit
1474 4261 1616 4311 falsa
1658 4261 1766 4311 ista
1810 4261 2014 4324 opiniO,
2060 4276 2091 4310 a
2133 4262 2194 4311 K.
2237 4263 2427 4324 Ritter,
2478 4262 2781 4313 Geschr'claete
2827 4263 2922 4314 det·

349 4342 654 4405 Erdlmnde,
681 4357 734 4406 p.
769 4345 873 4399 154.
908 4356 1243 4405 repercussa.

416 4426 462 4473 2.
499 4421 778 4482 Quomodo
805 4422 864 4471 in
899 4435 1140 4471 errorem
1171 4421 1425 4472 inductus
1461 4424 1545 4470 est
1587 4420 1867 4483 Adamusf?
1904 4423 2129 4482 Forsan,
2158 4422 2338 4485 inquit
2377 4422 2748 4489 Lappenberg,
2795 4425 2922 4488 quia

355 4503 492 4568 opus
533 4501 687 4565 illud,
726 4515 758 4551 a
794 4500 1022 4551 Rudolfo
1057 4501 1344 4564 scriptum,
1394 4515 1426 4550 a
1477 4500 1743 4565 discipulo
1773 4501 2008 4564 quodam
2038 4507 2154 4563 ejus
2202 4506 2483 4566 peractum
2523 4504 2644 4564 suit,
2696 4505 2919 4556 nomine

355 4581 705 4647 meginhardo
722 4583 814 4631 aut
830 4580 1173 4642 Meinhardo;
1197 4581 1382 4644 potius
1404 4580 1532 4644 quia
1556 4581 1943 4631 Translatiom‘s
1972 4583 2280 4646 prologum,
2297 4582 2361 4632 de
2384 4582 2659 4633 Saxonum
2675 4585 2919 4634 moribus

353 4667 410 4714 et
426 4662 800 4723 conversione,
819 4675 884 4711 ex
901 4662 1023 4711 Vita
1035 4660 1218 4711 Karoli
1233 4660 1492 4710 Einhardi
1504 4662 1775 4725 excerpsit
1792 4663 2109 4724 monachus,
2129 4663 2407 4712 nonnullis
2427 4678 2491 4713 ex
2503 4665 2687 4715 Tacito
2702 4664 2920 4715 additis,

354 4744 431 4794 De
459 4741 748 4804 Einhardo,
780 4740 905 4790 vide
934 4741 1112 4803 Ebert,
1133 4742 1452 4791 Litteralure
1465 4740 1536 4789 du
1548 4755 1730 4805 moyen
1754 4743 1869 4806 ἀρε,
1885 4742 2076 4807 gallica
2105 4742 2461 4805 translati0,t.
2481 4745 2612 4808 lI‚p.
2640 4748 2723 4795 105
2735 4747 2790 4795 et
2809 4748 2919 4797 367.

419 4827 464 4873 3.
495 4821 705 4885 Archiv,
733 4836 792 4885 p.
826 4824 916 4871 806
950 4833 1070 4883 sqq.
