3609 5675
1481 561 1837 618 .....17-..⁴

362 716 558 777 erant
622 710 710 777 ad
794 731 1000 777 usum
1059 710 1582 800 peregrinorum
1652 710 2049 799 hospitalia,
2146 710 2398 801 quibus
2484 713 2674 780 omni
2763 730 2942 783 cura«

363 823 752 915 prospicere
808 823 957 914 ipse
1022 825 1384 915 episcopus
1456 826 1744 895 debebat
1797 825 1881 917 (R
1941 827 2074 926 32).
2146 826 2416 915 Finga¹
2474 833 2577 895 tot
2625 828 2925 896 advenas

363 938 589 1007 eidem
666 960 924 1007 mensae
1013 943 1520 1024 accumbentes,
1612 942 1875 1010 circum
1966 941 2422 1010 Adalbertum
2500 943 2614 1032 qui
2708 941 2925 1012 facete

364 1055 568 1137 dicta,
633 1065 706 1122 ut
767 1033 1015 1138 aiebat,
1068 1056 1291 1146 epulis
1329 1080 1760 1147 praeponenS,
1815 1056 1980 1147 quid
2041 1056 2381 1125 vidissent
2433 1080 2551 1125 eos
2608 1058 2923 1148 rogabat.

364 1171 722 1261 Nusquam
759 1170 1051 1261 Europae
1103 1171 1173 1237 id
1218 1172 1544 1262 temporis
1593 1172 1804 1240 talem
1862 1180 1928 1239 et
1960 1179 2225 1241 tantum
2272 1194 2688 1240 concursum
2738 1174 2930 1242 inve-

364 1285 540 1354 niaS.
571 1285 680 1352 Ad
706 1308 923 1353 unum
952 1278 1547 1376 archiepiscopum
1603 1286 1909 1354 universi
1961 1286 2327 1382 Aquilonis
2378 1288 2616 1377 populi
2683 1310 2931 1358 conve-

364 1399 667 1483 niebant,
749 1399 981 1468 aulam
1048 1400 1510 1491 episcopalem
1583 1400 1901 1483 invisuri,
1981 1423 2250 1469 necnon
2328 1401 2599 1493 lapidea
2685 1426 2933 1470 monu-

365 1523 624 1598 menta,
685 1515 1156 1588 cathedralem
1177 1516 1564 1598 ecelesiam,
1597 1516 1900 1607 episcopi
1932 1516 2289 1607 palatium,
2322 1517 2608 1609 capituli
2644 1518 2930 1587 domum

363 1631 513 1723 (III,
554 1634 685 1719 70).
730 1640 848 1700 aut
897 1631 1332 1723 presbyteros
1380 1632 1498 1722 qui
1537 1631 1991 1700 christianam
2027 1632 2233 1700 fidem
2270 1631 2354 1700 ad
2397 1655 2559 1701 suos
2599 1633 2933 1702 inferrent

363 1746 674 1837 petituri;
721 1756 785 1815 et
830 1746 1156 1830 universi,
1199 1747 1308 1815 vel
1342 1747 1600 1815 Islandi
1636 1756 1703 1815 et
1748 1747 2149 1831 Gronlandi,
2190 1746 2511 1816 Bremam
2551 1749 2930 1818 affluebant
2973 1749 2978 1754 ’

363 1863 511 1953 (ΙΙΙ,
554 1864 638 1929 23
691 1872 758 1931 et
796 1864 931 1952 70).
2616 1950 2619 1953 ῃ

451 1978 763 2047 Plurima
787 1978 998 2067 igitur
1019 1978 1245 2069 quoad
1265 2001 1376 2045 res
1403 1978 1900 2048 ecclesiasticas
1930 1980 2014 2047 de
2050 1980 2297 2048 Brema
2319 1981 2667 2058 novimuS,
2700 1983 2926 2072 quoad

361 2094 747 2163 maritimas
800 2117 942 2162 non
1001 2095 1189 2161 item.
1255 2094 1325 2161 Si
1383 2094 1651 2162 erudito
1697 2095 1849 2162 viro
1891 2096 2107 2162 Delzz'o
2140 2096 2161 2130 ²
2211 2095 2420 2163 fidem
2488 2095 2927 2174 adhibemuS,

362 2210 495 2277 nisi
521 2209 936 2278 Adalbertus
962 2203 1150 2279 tanta
1180 2210 1375 2277 clade
1412 2210 1810 2292 corruisset,
1842 2234 1992 2301 quae
2020 2233 2229 2279 causa
2269 2212 2396 2279 fuit
2435 2234 2556 2279 cur
2595 2213 2922 2281 Bremen-

363 2347 512 2393 sem
548 2332 827 2416 portum
861 2325 1259 2394 desererent
1281 2333 1695 2394 mercatores
1724 2326 1915 2417 (Ad.,
1951 2325 2076 2409 III,
2109 2327 2247 2416 57),
2274 2327 2619 2395 inferioris
2644 2327 2926 2396 Germa-

361 2442 496 2511 niae
546 2441 1061 2523 commercium,
1097 2441 1282 2532 quod
1319 2441 1653 2532 paulatim
1705 2464 1927 2532 usque
1966 2441 2054 2510 ad
2092 2443 2343 2511 Hansae
2384 2449 2658 2511 aetatem
2696 2445 2927 2535 lapsu-

361 2581 520 2626 rum
563 2568 732 2639 erat,
770 2561 922 2648 jam
959 2558 1135 2626 sicut
1165 2564 1401 2648 postea
1437 2557 1792 2648 viguisset.
1847 2557 2131 2627 Videtur
2166 2567 2396 2627 tamen
2421 2560 2443 2593 ³
2486 2581 2625 2626 non
2659 2559 2925 2627 Bremae

363 2695 572 2741 naves
608 2673 1090 2742 conscendisse
1123 2674 1242 2764 qui
1285 2673 1624 2742 Balticum
1658 2696 1848 2741 mare
1891 2680 2224 2764 peterent,
2269 2674 2413 2757 sed,
2455 2682 2794 2764 quantum
2824 2675 2926 2743 fas

361 2796 532 2875 erat,
558 2788 1016 2880 periculosam
1041 2790 1390 2879 Kattegati
1416 2790 1571 2857 freti
1589 2789 2111 2878 navigationem
2139 2789 2459 2874 vitanteS,
2489 2812 2523 2857 e
2543 2789 2781 2858 Rheno
2802 2783 2928 2859 flu-

359 2905 543 2973 mine
585 2906 790 2974 urbes
844 2903 1168 2974 Iumnem
1207 2915 1325 2973 aut
1387 2907 1703 2995 Sliaswig
1767 2929 1888 2996 per
1940 2906 2258 2974 Bremam
2306 2915 2486 2974 terra
2541 2906 2853 2994 attigisse
2875 2909 2919 2974 ’·.

360 3020 550 3089 Slavi
577 3021 1018 3111 potissimum
1048 3029 1165 3088 aut
1193 3021 1635 3090 Scandinavii
1667 3031 2070 3090 mercaturae
2102 3021 2591 3112 impendebant
2619 3043 2916 3110 operam.

364 3136 579 3206 Urbes
605 3137 949 3205 Roschald
987 3147 1106 3204 aut
1149 3136 1491 3227 Sliaswig,
1536 3137 1712 3204 hanc
1744 3136 2085 3227 praecipue
2120 3139 2319 3226 cujus
2363 3138 2548 3203 fama
2583 3160 2800 3227 usque
2835 3140 2914 3205 ad

359 3252 627 3322 Arabos
660 3275 701 3320 a
728 3252 1148 3320 Normannis
1187 3253 1319 3320 fuit
1351 3253 1675 3343 perlata⁵,
1718 3260 2064 3321 extremos
2102 3261 2341 3341 portus
2378 3252 2705 3319 Germani
2741 3274 2917 3321 mer·-

361 3375 628 3436 catores
668 3377 1024 3436 noverant.
1073 3367 1498 3436 Commercio
1534 3368 1719 3436 enim
1757 3377 1823 3436 et
1863 3367 2097 3435 multis
2137 3367 2293 3434 aliis
2330 3367 2647 3457 praestitit
2698 3369 2921 3435 Dania

361 3483 492 3552 Xl0
505 3482 764 3564 seculo,
782 3481 1046 3551 Bremae
1064 3482 1302 3565 instar,
1322 3482 1640 3551 dissimili
1657 3493 1889 3551 tamen
1905 3492 1969 3549 et
1987 3482 2185 3573 quasi
2202 3483 2614 3573 completiva
2631 3484 2896 3551 ratione
2910 3538 2925 3563 ,

361 3598 547 3687 quod
588 3597 870 3688 quidem
909 3622 948 3665 a
989 3607 1173 3666 recta
1210 3598 1464 3666 Adami
1517 3599 2001 3689 explanatione
2043 3597 2227 3665 haud
2268 3596 2571 3665 alienum
2627 3597 2922 3666 videtur.

450 3713 693 3782 Daniae
718 3736 853 3795 reS,
886 3713 1136 3781 Adami
1169 3719 1497 3804 tempore,
1528 3713 1807 3802 egregie
1849 3736 1998 3781 sese
2022 3713 2388 3782 habebant.
2415 3713 2726 3781 Desierat
2759 3719 2923 3781 aetas

377 3827 816 3919 Vilcz'nqorum
847 3829 1084 3912 dictass,
1122 3852 1274 3920 quae
1306 3831 1445 3897 fere
1475 3829 2127 3920 octingentesimum
2162 3828 2343 3897 inter
2384 3838 2452 3895 et
2480 3829 2923 3896 millesimum

413 4014 469 4057 ,1.
502 4007 691 4067 Dehio,
721 4021 774 4070 Ρ.
798 4009 910 4057 202.

421 4087 470 4135 2.
498 4085 687 4151 Dehio,
713 4102 767 4150 p.
798 4091 889 4136 233
919 4101 1038 4151 sqq.

422 4170 472 4215 3.
500 4167 648 4230 Gotz,
674 4169 765 4216 Die
795 4167 1184 4230 Verlcehrsweqe
1208 4168 1279 4215 im
1310 4168 1518 4217 Dienste
1546 4166 1640 4217 des
1664 4166 2045 4231 Welttaandels,
2077 4168 2359 4231 Stuttgart,
2397 4168 2531 4228 1888,
2555 4181 2611 4230 p.
2632 4167 2743 4216 543.

421 4247 470 4295 4.
506 4248 725 4308 Jansen,
779 4247 1153 4310 Poleoyraphie
1195 4247 1292 4296 der
1328 4246 1674 4297 cimbris-chen
1710 4247 1995 4309 Halbinsel,
2026 4248 2084 4298 in
2121 4246 2400 4311 Kirclzoffs
2446 4246 2837 4309 Forschunqen,
2889 4248 2923 4295 Ι.

356 4342 409 4392 p.
443 4330 556 4378 518.
591 4328 665 4378 De
696 4328 973 4377 Slavorum
1003 4327 1441 4391 navigationibus
1466 4327 1589 4376 vide
1615 4328 1895 4389 Helmold.,
1920 4328 1985 4388 11,
2026 4330 2100 4377 13.

418 4409 470 4458 5.
506 4407 744 4470 Mehren,
793 4407 1203 4458 Connaissances
1221 4408 1638 4470 qe'oqraphiques
1667 4408 1757 4458 des
1788 4407 2005 4471 peuples
2037 4407 2343 4471 islamiques
2367 4421 2462 4455 suu·
2488 4406 2533 4456 le
2553 4406 2700 4455 No··d
2722 4406 2901 4470 (Mem.

358 4487 477 4538 Soc.
522 4490 642 4552 Roy.
659 4488 828 4552 antiq.
862 4487 935 4535 du
968 4487 1128 4548 Nord,
1162 4489 1385 4546 1859-60,
1417 4501 1471 4550 p.
1499 4490 1598 4551 54).
2079 4542 2084 4547 ,

422 4572 478 4618 6.
514 4567 794 4628 Worsaae,
836 4567 1196 4617 Colonisate'on
1238 4567 1453 4616 dunoise
1491 4569 1524 4616 ὰ
1567 4567 1802 4632 ι’έροᾳιιε
1840 4567 1929 4617 des
1985 4567 2215 4631 Vilcinqs,
2265 4566 2458 4630 gallice
2500 4565 2557 4616 in
2594 4567 2746 4615 Μόνη.
2802 4565 2919 4615 S·›c.

356 4647 545 4711 Antiq.
586 4647 660 4696 du
704 4645 867 4710 Nord,
903 4650 1121 4706 1878-83,
1145 4661 1200 4709 Ρ.
1242 4649 1321 4696 91.
1352 4645 1624 4708 Ejusdem,
1666 4647 1721 4697 la
1763 4647 2122 4697 Colonisation
2172 4646 2236 4696 de
2280 4646 2334 4696 la
2370 4646 2548 4695 Russie
2577 4648 2630 4694 et
2667 4645 2739 4694 du
2774 4639 2918 4695 Nurd

356 4727 710 4791 Scandinave,
735 4727 927 4791 gallice
960 4728 1017 4779 in
1048 4731 1194 4777 Mem.
1217 4729 1330 4777 Soc.
1351 4726 1534 4792 Antiq.
1571 4726 1644 4777 du
1670 4727 1833 4788 Nord,
1869 4729 2094 4787 1872-75,
2129 4741 2186 4790 p.
2220 4729 2327 4778 184.
2361 4715 2942 4789 Steenstrup,Etude.s·,

351 4807 745 4871 preliminaims
788 4822 925 4870 pour
965 4812 1132 4858 servia·
1160 4813 1194 4860 ἀ
1229 4809 1485 4863 l’histoire
1521 4810 1612 4861 des
1658 4808 1957 4860 Non-mancis
1980 4807 2149 4871 (Extr.
2192 4807 2263 4856 du
2296 4806 2437 4857 Ball.
2478 4805 2542 4855 de
2588 4805 2641 4854 la
2677 4805 2792 4855 Soc.
2826 4806 2919 4854 des

2649 4901 2683 4952 2
