3609 5675
1770 507 2093 566 —30-

657 675 883 723 rarum
914 654 1154 723 orbem
1185 676 1537 745 nunquam
1563 676 1700 724 non
1727 655 1956 723 medio
1980 676 2128 723 aevo
2160 654 2497 723 creditum
2525 663 2653 724 est.
2686 654 3246 744 Distinguendae.

657 779 883 839 tamen
923 779 1084 837 sunt
1127 792 1285 838 cum
1321 771 1399 837 K.
1457 770 1968 848 Kretschmer¹,
2017 770 2134 860 qui
2176 770 2463 839 collecta
2494 793 2577 839 ea
2621 769 2706 838 de
2748 793 2821 838 re
2864 770 3013 839 loca
3059 792 3247 861 per-

657 887 911 975 pendit,
945 886 1083 953 duo
1110 885 1181 952 in
1214 885 1444 953 medio
1474 908 1623 954 aevo
1649 892 1889 953 aetates
1922 908 1937 953 ε
1966 886 2224 954 scilicet
2255 886 2340 954 ad
2381 886 2605 954 vlu-¹·-
2628 908 2847 976 usque
2877 884 3239 965 seculum,

661 1011 910 1068 terram
951 1001 1227 1092 planam
1266 1024 1416 1069 esse
1457 1001 1669 1090 vulgo
1706 1000 2171 1084 existimatur,
2223 1001 2341 1069 vix
2376 1001 2619 1092 paucis
2648 1000 3238 1082 adversantibus;

661 1119 741 1183 ah
797 1116 982 1187 'tl-*111⁰
1028 1138 1189 1184 vero
1234 1116 1467 1185 seculo
1518 1125 1773 1184 terram
1823 1096 2031 1205 globo
2076 1116 2378 1185 similem
2414 1139 2565 1185 esse
2617 1116 3054 1185 consentiunt
3101 1117 3243 1206 qui

661 1232 990 1300 nonnulla
1023 1231 1227 1299 laude
1273 1231 1355 1299 de
1392 1231 1928 1322 cosmographia
1967 1229 2312 1314 scribunt3
2349 1231 2550 1322 pauci
2593 1242 2825 1300 tamen
2852 1242 3247 1322 supersunt

657 1347 773 1435 qui
817 1346 1102 1415 alteram
1133 1346 1529 1437 opinionem
1569 1346 1794 1414 adhuc
1824 1357 2283 1437 propugnant.

749 1462 927 1531 Nihil
978 1461 1247 1529 dubitat
1299 1461 1489 1530 Beda
1527 1461 1695 1552 quin
1739 1461 2083 1529 rotundus
2132 1462 2221 1529 sit
2272 1472 2614 1530 terrarum
2656 1461 2879 1541 orbis;
2918 1461 3239 1552 capitulo

661 1583 741 1647 ts
801 1577 1112 1667 ejusdem
1152 1576 1237 1644 de
1273 1579 1547 1644 Natura
1598 1599 1828 1644 rerum
1867 1575 2024 1644 libri
2064 1576 2346 1645 titulum
2384 1575 2574 1644 dedit
2615 1596 2631 1643 ε
2688 1580 2963 1644 Terram
3020 1576 3237 1667 qlobo

657 1695 951 1760 sssm'fem
970 1716 995 1775 ;
1032 1693 1147 1760 uhi
1188 1693 1442 1760 diserte
1480 1691 1812 1760 asseritur
1859 1713 2142 1782 aequora
2182 1701 2248 1759 et
2288 1699 2559 1761 montes
2597 1714 2845 1783 parvas
2880 1714 3031 1760 esse
3062 1692 3241 1759 inae-

661 1811 1044 1899 qualitate5‚
1096 1830 1247 1898 quae
1285 1814 1483 1874 terrae
1536 1807 1943 1874 rotunditati
2000 1829 2139 1875 non
2203 1809 2500 1876 obstant.
2542 1807 2691 1875 Hoc
2734 1807 2921 1875 idem
2970 1806 3241 1875 evolvit

657 1923 917 1991 XXXII
957 1923 1041 1991 de
1068 1935 1455 2014 temporum
1491 1923 1758 1990 ratione
1784 1922 2385 1991 commentationis
2423 1921 2826 2013 capitulum,
2862 1925 3059 2013 cujus
3089 1923 3234 1989 nisi

657 2043 669 2103 i
681 2047 944 2127 psamet
976 2040 1118 2106 fere
1151 2039 1382 2120 verba,
1419 2059 1583 2105 sane
1615 2037 1838 2129 ipsam
1872 2038 2452 2126 significationem
2478 2037 2835 2129 usurpavit
2859 2038 3169 2105 Adamus
3205 2061 3229 2105 ε

657 2187 681 2211 a
737 2159 959 2223 {lausa
1005 2153 1496 2246 inaequalitatis
1536 2152 1810 2222 dierum
1852 2164 2048 2220 terrae
2092 2152 2477 2221 rotunditas
2520 2163 2625 2220 est
2679 2182 2712 2216 »
2762 2154 2860 2222 ait
2899 2153 3114 2238 Beda,
3154 2164 3237 2221 et

657 2271 897 2339 eodem
931 2270 1137 2337 verbo
1164 2270 1381 2337 utitur
1408 2293 1543 2360 quo
1573 2276 1809 2337 noster
1836 2290 1853 2337 ε
1892 2296 1925 2331 «
1959 2272 2238 2339 Necesse
2263 2278 2366 2336 est
2394 2269 2420 2307 ²
2449 2297 2509 2335 ».

745 2387 980 2475 Neque
1016 2408 1181 2453 vero
1213 2385 1534 2476 princeps
1564 2383 1943 2452 rotundum
1973 2406 2124 2452 esse
2159 2391 2499 2453 terrarum
2539 2383 2776 2451 orbem
2805 2382 3238 2451 existimavit.

665 2523 745 2567 va
809 2509 1004 2569 {etate
1060 2500 1393 2582 Adamu5‚
1458 2522 1680 2590 neque
1738 2499 2057 2590 princeps
2120 2498 2203 2565 de
2258 2498 2530 2567 dierum
2588 2499 2657 2565 in
2721 2497 2948 2566 insula
3007 2498 3232 2566 Thule

653 2619 874 2707 spatio
913 2615 1259 2683 disseruit.
1301 2616 1558 2684 Verum
1602 2615 1738 2684 ista
1768 2618 1946 2706 ejuS,
1987 2614 2167 2683 sicut
2207 2623 2272 2680 et
2302 2614 2530 2699 Bedae‚
2575 2614 2855 2706 propria
2895 2614 3046 2681 laus
3091 2619 3226 2696 est,

657 2731 837 2821 quod
869 2731 1168 2799 dilucide
1197 2754 1346 2821 quae
1380 2730 1470 2798 sit
1501 2730 1676 2798 inter
1706 2741 2071 2823 utramque
2105 2755 2251 2800 rem
2281 2735 2770 2803 convenientia
2798 2736 3226 2824 exposuerit,

661 2871 805 2915 rem
870 2846 1253 2915 indubitate
1326 2847 1798 2930 affirmaverit,
1865 2857 1929 2915 et
1970 2848 2187 2915 solem
2231 2872 2270 2915 a
2311 2850 2612 2939 quodam
2666 2850 2836 2918 colle
2900 2851 3233 2919 abscondi

661 2986 874 3052 eaque
938 2985 1148 3031 causa
1201 2961 1563 3031 oculorum
1617 2962 1935 3030 obtutum
2004 2964 2307 3053 effugere
2368 2966 2741 3034 asserentis
2800 2967 3091 3035 Dicuili³
3154 2965 3231 3035 in

661 3077 1070 3146 sententiam
1099 3101 1236 3145 non
1271 3078 1494 3145 iverit.

749 3196 971 3284 Atque
990 3194 1166 3279 ideo,
1200 3204 1276 3261 ut
1297 3194 1618 3262 observat
1645 3192 1713 3260 S.
1749 3194 2125 3275 Giinther‘,
2156 3195 2336 3285 apud
2366 3196 2712 3263 Adamum
2732 3218 3102 3287 progressa
3123 3207 3232 3264 est

661 3331 887 3376 rerum
921 3319 1184 3376 naturae
1216 3308 1530 3390 scientia,
1563 3331 1716 3376 cum
1755 3309 2230 3399 experimento
2252 3309 2365 3378 hic
2390 3311 3008 3402 contemplationes
3039 3333 3231 3380 com-

729 3528 769 3572 t.
805 3524 869 3569 H.
912 3519 1275 3584 Kretschmer‚
1307 3534 1360 3583 p.
1396 3523 1454 3570 34
1482 3535 1606 3584 sqq.
1640 3547 1699 3557 —-
1742 3521 1976 3571 Adamus
2020 3522 2079 3571 in
2123 3523 2183 3572 K.
2226 3522 2609 3573 dissertatione
2653 3536 2767 3573 non
2811 3523 3027 3585 citatur;
3060 3538 3227 3588 quem

661 3604 821 3652 etiam
857 3601 1040 3650 multae
1071 3600 1190 3650 aliae
1216 3614 1406 3664 graves
1442 3601 1652 3650 notitiae
1686 3603 2095 3665 praeterierunt.

725 3688 769 3732 :th
797 3681 938 3732 Reda
965 3680 1135 3730 multo
1164 3681 1388 3744 majoris
1419 3681 1683 3730 momenti
1713 3684 1797 3732 est
1830 3681 2010 3745 quoad
2039 3682 2233 3732 Adami
2263 3682 2627 3746 disciplinam,
2660 3683 2845 3746 quoad
2892 3684 3055 3739 etiam
3096 3697 3230 3747 geo-

661 3764 900 3828 graphiae
935 3761 1238 3823 historiam,
1277 3775 1439 3824 quam
1468 3762 1724 3826 Virgilius
1755 3761 1844 3812 1116
1874 3762 2321 3827 Salisburgensis,
2358 3763 2450 3825 qui
2491 3777 2615 3812 cum
2644 3763 2932 3826 antipodes
2971 3777 3093 3813 esse
3137 3763 3230 3813 do-

661 3848 803 3896 eeret
841 3845 1124 3908 propterea
1151 3841 1437 3891 damnatus
1464 3845 1564 3891 est.
1593 3843 1667 3890 De
1698 3855 1804 3904 quo
1831 3843 2018 3892 omnia
2039 3856 2265 3906 prorsus
2289 3843 2625 3906 ignoramus.

725 3932 769 3972 3.
805 3925 1088 3984 Letronne‚
1121 3921 1437 3972 Becher-ekes
1463 3935 1556 3970 sur
1583 3921 1769 3984 Dic-uit,
1793 3921 1962 3982 Paris,
1990 3925 2125 3979 1814,
2157 3937 2208 3985 p.
2236 3925 2296 3971 38
2317 3923 2371 3970 et
2399 3926 2505 3972 131.

725 4010 769 4052 -1,
793 4004 841 4052 51.
863 4003 1122 4062 Giinther,
1141 4001 1364 4050 Studien
1386 4016 1482 4050 zur·
1504 4001 1682 4050 Gesch.
1697 3999 1791 4049 der
1810 4000 2282 4051 mathematischen
2304 4000 2849 4066 undpleysikalischen
2876 4001 3229 4067 Geoqraphie,

665 4084 829 4140 Halle,
859 4086 993 4142 1879,
1026 4097 1077 4145 p.
1112 4085 1139 4130 8
1168 4096 1179 4130 :
1215 4101 1238 4126 «
1269 4081 1440 4134 Adam
1473 4094 1584 4131 von
1613 4082 1903 4130 Bremen...
1938 4080 2124 4131 wurde
2165 4095 2228 4130 zu
2255 4081 2407 4130 einer
2442 4083 2724 4131 correcten
2754 4082 3104 4146 Darstellung
3132 4080 3232 4131 der

665 4163 1022 4212 selieinbaren
1049 4162 1321 4212 Umlauses
1345 4160 1438 4210 der
1465 4160 1644 4210 Sonne
1669 4174 1758 4209 um
1781 4159 1866 4209 die
1883 4162 1961 4210 als
1984 4161 2350 4225 kugelformig
2374 4164 2808 4225 vorausgesetzte
2826 4161 2964 4211 Erde
2988 4162 3228 4226 gesuhrt,

665 4244 765 4292 wie
801 4244 946 4292 111655
985 4242 1166 4290 5611161·
1199 4242 1310 4291 Zeit
1354 4241 1491 4290 auch
1518 4242 1607 4290 bei
1646 4241 1879 4304 Pytheas
1910 4254 2018 4290 von
2054 4241 2329 4292 Massilien
2371 4241 2467 4291 der
2508 4242 2621 4291 Fall
2651 4255 2902 4306 gewesen
2933 4255 3063 4291 war.
3108 4241 3233 4291 Von

665 4322 1046 4388 Stantlpunkte
1095 4321 1190 4371 der
1239 4319 1562 4370 induktiven
1619 4321 2090 4386 Natursorschung
2143 4336 2239 4370 aus
2288 4321 2382 4371 hat
2433 4322 2549 4371 sich
2599 4322 2717 4372 11161·
2768 4321 3081 4374 ersichttich
3138 4323 3231 4372 ein

667 4401 1068 4468 tielgreifender
1098 4401 1425 4452 Fortschritt
1458 4402 1756 4466 vollzogen,
1789 4403 1934 4450 denn
1963 4404 2133 4452 etwas
2170 4415 2303 4466 ganz
2328 4402 2570 4452 Anderes
2596 4402 2670 4451 ist
2700 4416 2777 4463 es,
2812 4401 3233 4465 philosophisch

665 4484 749 4532 die
777 4484 862 4532 fur
887 4480 1016 4534 oder
1041 4494 1214 4546 gegen
1238 4480 1321 4531 die
1347 4481 1652 4532 Globositat
1678 4480 1774 4530 der
1801 4481 1939 4530 Erde
1975 4482 2215 4546 gultigen
2242 4481 2457 4532 Grande
2488 4483 2816 4553 absuwagen
2845 4481 2960 4549 und
2990 4481 3108 4532 sich
3141 4481 3235 4532 sur

665 4564 749 4612 die
789 4564 904 4612 61116
939 4561 1070 4612 oder
1103 4561 1303 4611 andere
1350 4561 1753 4625 Lehrmeinung
1794 4575 1858 4609 zu
1894 4561 2265 4621 entscheiden,
2310 4560 2443 4612 oder
2478 4562 2611 4612 aber
2639 4561 2723 4611 die
2764 4561 3063 4615 theilweise
3102 4575 3233 4611 ver-

665 4644 954 4696 wickelten
981 4642 1324 4692 Phanomene
1351 4642 1448 4692 der
1469 4644 1848 4707 sogenannten
1877 4641 2081 4702 spaera
2105 4641 2319 4707 obliqua
2343 4641 2516 4693 direct
2536 4643 2636 4692 mit
2656 4641 2833 4692 dieser
2856 4642 3232 4707 Kugelgestalt

665 4724 725 4772 in
757 4721 1107 4786 'liei-bindung
1138 4737 1200 4772 zu
1228 4722 1478 4786 bringeri.
1507 4741 1530 4766 υ
