3609 5675
1763 613 2084 674 ..93-

725 767 881 831 alia
909 767 1223 855 quazdam
1261 765 1612 855 navigatio
1653 763 2007 833 obscurior
2050 763 2276 832 adhuc
2311 772 2377 830 et
2406 764 2788 832 mirabilior
2808 764 2893 832 ab
2924 765 3203 835 Adamo

632 891 953 947 narratur
977 883 1125 971 (lv,
1161 887 1297 971 39),
1341 881 1447 949 Illi
1488 908 1522 944 «
1560 880 1794 949 retulit
1823 879 2130 970 pontifex
2163 878 2581 947 Adalhertus
2622 879 2693 946 in
2729 879 2970 947 diebus
3010 887 3201 949 ante-

628 999 921 1063 cessoris
957 999 1061 1063 sni
1105 999 1443 1087 qnesilam
1488 996 1757 1064 nobiles
1810 994 1894 1062 de
1944 994 2185 1061 Fresia
2255 994 2439 1061 viros
2494 1017 2702 1063 causa
2778 997 3198 1086 pervagandi

628 1111 837 1179 marie
893 1115 957 1179 in
1001 1111 1277 1179 beream
1321 1113 1471 1179 vela
1513 1110 1913 1195 tetendisse,
1950 1132 2033 1177 eo
2074 1109 2261 1200 quod
2311 1109 2396 1177 ab
2452 1109 2697 1177 incolis
2752 1113 2905 1201 ejus
2949 1111 3190 1202 populi

628 1227 881 1295 dieitur
909 1227 993 1295 ab
1033 1227 1209 1295 estin
1249 1227 1583 1295 Wirrahae
1614 1226 1923 1295 fluminis
1954 1224 2212 1293 directo
2244 1247 2449 1293 cursu
2491 1225 2559 1292 in
2603 1226 3001 1316 aquilonem
3039 1227 3200 1295 nul-

624 1343 761 1407 lam
817 1351 1065 1411 terram
1105 1363 1461 1411 neenrrere
1507 1350 1750 1433 praeter
1787 1340 2137 1407 infinitum
2176 1340 2552 1409 Oceanum.
2601 1341 2819 1431 Cujus
2862 1343 2963 1411 rei
3002 1347 3192 1411 novi-

628 1467 765 1523 tate
793 1459 1325 1547 pervestiganda
1362 1457 1703 1548 conjurati
1745 1456 2015 1524 sodales
2056 1477 2096 1523 a
2131 1455 2361 1523 littore
2391 1457 2446 1523 F
2448 1479 2776 1524 resonum
2801 1458 2937 1524 leto
2967 1458 3197 1526 celeu-

620 1583 801 1639 mate
889 1575 1229 1663 progressi
1297 1581 1475 1640 sunt.
1551 1571 1815 1640 Deinde
1879 1570 2345 1661 relinquentes
2407 1571 2568 1638 hinc
2626 1572 2949 1655 Daniam,
3026 1573 3189 1640 inde

620 1691 1069 1767 Britanniam,
1121 1695 1572 1779 pervenerunt
1634 1687 1722 1754 ad
1771 1686 2151 1756 OrchadaS.
2214 1686 2479 1768 Quibus
2530 1709 2571 1754 a
2619 1688 2793 1755 laeva
2851 1688 3185 1770 dimissis,

616 1827 773 1871 eum
821 1803 1317 1871 Ner-manniam
1378 1803 1448 1870 in
1501 1803 1760 1884 dextris
1809 1799 2167 1886 haberent,
2212 1802 2424 1891 longo
2466 1806 2762 1894 trajectu
2825 1803 3188 1893 glacialem

620 1919 837 1987 island
885 1923 1325 2011 collegerunt.
1370 1920 1433 1985 A
1465 1941 1600 2009 quo
1631 1919 1782 1986 loco
1820 1918 2042 1985 maria
2092 1918 2459 2001 sulcanteS,
2506 1918 2579 1985 in
2622 1918 2863 1986 ultimo
2924 1926 3192 2007 septen-

620 2035 857 2103 trionis
901 2059 1125 2115 axem,
1197 2043 1560 2123 postquam
1598 2043 1784 2102 retro
1826 2056 1899 2101 se
1953 2055 2215 2117 omneS‚
2263 2034 2345 2102 de
2385 2032 2636 2123 quibus
2678 2055 2887 2124 supra
2925 2033 3187 2101 dictum

612 2159 737 2227 est,
777 2151 1041 2215 insulas
1069 2151 1309 2215 videri]
1325 2157 1417 2230 ut,
1458 2149 1914 2240 omnipotenti
1952 2151 2099 2216 Deo
2142 2158 2208 2215 et
2247 2157 2480 2216 sancto
2522 2149 2904 2216 confessori
2935 2148 3187 2217 Wille-

616 2267 789 2331 hade
829 2287 1029 2331 snam
1069 2260 1635 2344 commendantes
1670 2265 1858 2333 viam
1896 2271 1965 2332 et
1999 2264 2374 2345 audatiam,
2423 2264 2652 2332 subito
2694 2264 2980 2356 collapsi
3023 2278 3188 2333 sunt

615 2383 685 2447 in
725 2379 1165 2447 tenebrosam
1217 2379 1502 2471 rigentis
1542 2380 1798 2449 Oceani
1845 2379 2234 2467 caliginem.
2306 2407 2338 2441 »
2381 2379 2514 2460 Qui
2574 2379 2853 2469 quidem
2884 2389 3055 2470 quot
3111 2389 3177 2448 et

612 2495 889 2587 quantis
937 2495 1265 2587 perieulis
1313 2495 1560 2563 fuerint
1613 2494 1892 2563 obnoxii
1925 2501 2162 2562 narrat
2193 2494 2507 2562 Adamus
2535 2494 2687 2584 (IV,
2721 2496 2858 2580 40),
2890 2495 2972 2562 de
3013 2518 3180 2585 qua·

608 2611 769 2679 dnm
833 2611 1057 2675 insula
1113 2610 1468 2677 altinnImis
1541 2610 1610 2676 in
1668 2610 1959 2678 circuitu
2029 2609 2331 2700 scopulis
2399 2608 2537 2675 ritu
2610 2608 2840 2699 oppidi
2910 2610 3180 2678 munita

608 2727 933 2815 leqnitnr,
973 2732 1037 2791 et
1077 2727 1161 2791 {le
1207 2724 1606 2792 haminibus
1646 2747 1821 2815 quos
1872 2724 1967 2791 ihi
2008 2724 2311 2816 reperire
2366 2732 2468 2791 est
2512 2725 2585 2791 in
2640 2725 2853 2792 antris
2904 2725 3179 2792 subter-

604 2844 829 2908 rane-ie
877 2840 1361 2908 latitantihns¹.
1420 2840 1744 2909 Bremam
1787 2841 2075 2922 reversi,
2119 2850 2488 2932 postquam
2539 2840 2907 2907 nonnullas
2961 2863 3174 2909 naves

608 2956 1033 3040 amisissent,
1121 2959 1455 3024 Fresenes
1526 2956 2036 3047 archiepiscopo
2121 2955 2513 3024 Alehrando
2617 2956 2855 3023 ordine
2931 2966 3181 3024 cuncta

604 3080 909 3138 narrant.

697 3188 885 3256 [Iane
933 3188 1471 3276 navigationem,
1515 3187 1611 3254 ad
1655 3186 2151 3277 explorandum
2196 3194 2379 3255 certe
2426 3186 2841 3266 institutam,
2889 3186 3174 3277 quidam

604 3304 969 3368 ambitiose
993 3304 1357 3368 verberum
1386 3303 1677 3370 circuitu
1706 3331 1738 3363 «
1765 3302 2064 3393 primam
2096 3302 2600 3369 Germanorum
2624 3302 2934 3391 polarem
2960 3324 3171 3393 rexpe-

604 3420 941 3484 ditienem
985 3448 1017 3480 n
1057 3420 1395 3484 dixerunt.
1433 3418 1656 3499 Quem
1681 3418 1931 3485 Adami
1959 3418 2189 3485 locum
2214 3417 2525 3484 eruditus
2565 3417 2748 3483 Kolzl
2766 3418 2785 3452 ²
2819 3439 3175 3485 commen-

604 3532 793 3600 tariis
849 3532 1237 3600 illustrarit.
1281 3532 1596 3600 Affirmat
1639 3533 1897 3600 nemini
1940 3533 2229 3600 dubium
2267 3555 2418 3600 esse
2460 3531 2625 3639 quin
2661 3533 2977 3600 Adamus
3022 3535 3168 3600 veri

604 3648 1053 3736 [iignneeenrli
1097 3648 1441 3716 studiesus
1471 3657 1538 3715 et
1572 3648 1643 3715 in
1696 3648 1934 3739 primis
1995 3671 2209 3738 sagax
2249 3648 2475 3715 fuerit.
2522 3651 2812 3738 Insuper
2843 3649 2959 3739 qui
3010 3671 3170 3716 eum

600 3764 729 3828 hae
765 3764 845 3828 [le
881 3788 949 3828 re
985 3764 1346 3828 eei-[ierem
1378 3763 1560 3846 fecit,
1584 3786 1763 3831 unus
1792 3787 1828 3831 e
1859 3763 2278 3831 doctissimis
2313 3763 2556 3831 eadem
2586 3771 2784 3832 aetate
2810 3763 3000 3847 viriS,
3027 3786 3165 3831 non

596 4032 753 4080 tnnee
781 4032 833 4080 ni
869 4032 917 4080 Ι.·;ι
949 4032 1277 4092 carmeliten,
1313 4032 1362 4080 et
1393 4031 1446 4081 la
1471 4030 1666 4080 notion
1691 4044 1795 4094 que
1826 4031 1874 4080 le
1897 4031 2097 4081 hasard
2125 4031 2271 4081 avait
2299 4035 2522 4081 amenee
2554 4045 2612 4080 se
2633 4030 2813 4094 perdit
2839 4044 3049 4080 comme
3065 4031 3167 4082 elle

596 4112 725 4160 etant
761 4124 953 4168 venue,
989 4124 1113 4160 ensis
1157 4110 1273 4160 rien
1321 4110 1511 4160 laisser
1548 4112 1707 4174 apres
1737 4111 1857 4160 elle.
1902 4109 1970 4160 Ce
2009 4111 2149 4160 n'est
2190 4125 2289 4175 pas
2329 4111 2380 4160 la
2424 4126 2530 4161 une
2562 4110 2885 4161 decouverte
2918 4131 2941 4155 »
2978 4112 3063 4174 (V.
3103 4111 3169 4161 de

596 4192 989 4252 &intensum
1022 4204 1073 4252 p,
1109 4192 1237 4252 3313.
1269 4192 1391 4248 [tuae
1415 4189 1841 4254 prudentissime
1868 4192 1920 4240 et
1954 4190 2234 4254 aptissime
2270 4190 2413 4241 dicta
2441 4191 2599 4241 nobis
2630 4190 2910 4241 videntur.

660 4276 701 4320 t.
733 4272 969 4320 Similem
1005 4272 1057 4320 et
1077 4272 1217 4316 finxe-
1237 4271 1389 4332 [¹2¹111,
1416 4285 1469 4334 p.
1493 4270 1727 4333 420-426)
1755 4270 2042 4320 historiam
2070 4272 2256 4320 narrat
2274 4269 2338 4320 de
2366 4270 2569 4334 oppido
2599 4271 2880 4334 gigantum
2913 4269 3165 4329 Ger-utha,

592 4348 689 4396 sed
729 4352 897 4400 multe
937 4348 1169 4400 tiberine.
1215 4352 1341 4408 ¹{glum
1381 4350 1704 4413 germanica}
1738 4350 1920 4413 potius
1950 4351 2302 4414 mythologice
2337 4365 2501 4414 quam
2540 4350 2851 4413 antiquitati
2881 4349 3166 4401 tribuenda

592 4428 861 4480 ridentur.
893 4431 973 4476 ΕΓ.
997 4431 1053 4476 A.
1085 4432 1269 4480 Feenm
1277 4444 1329 4492 p,
1355 4429 1423 4477 Le
1438 4429 1622 4493 poeme
1652 4430 1716 4479 de
1743 4429 1982 4489 Gudrun,
2014 4444 2066 4493 p.
2100 4433 2314 4481 159-169
2342 4431 2412 4492 (le
2430 4420 2594 4480 ¹conte
2618 4429 2683 4479 de
2708 4431 2761 4480 la
2784 4431 3077 4494 montagne
3097 4428 3163 4479 de

592 4512 829 4572 [lii-ers].

648 4592 697 4640 ἓ.
725 4591 881 4648 fient,
917 4592 1009 4636 Die
1039 4592 1173 4640 erate
1201 4588 1441 4640 deutsche
1455 4604 1553 4640 von
1581 4589 1676 4639 der
1706 4591 1881 4640 Weser
1903 4604 2003 4641 aus
2040 4604 2130 4639 um
2162 4590 2261 4640 das
2287 4590 2424 4641 Jahr
2456 4594 2592 4641 4040
2625 4591 2996 4641 veranstaltete
3023 4590 3162 4638 En!-

588 4668 985 4732 rieelrnnyffez're
1021 4684 1133 4720 amn
1169 4669 1404 4732 Nes-epol
1431 4671 1675 4730 (Peterm.
1706 4671 1934 4733 Mitteic„
1967 4674 2102 4731 1869,
2128 4672 2168 4721 t.
2198 4671 2309 4733 XV,
2344 4674 2399 4721 et
2430 4671 2597 4721 Brem.
2629 4670 2833 4732 Jahrb„
2865 4671 2929 4731 V,
2959 4685 3012 4734 p.
3043 4673 3159 4720 174-

592 4752 693 4800 194.
729 4748 1037 4808 Ilnmheldt,
1073 4748 1329 4796 Eratis-elie
1346 4748 1804 4811 Untersuchunqen
1825 4750 1953 4801 iiber
1978 4752 2059 4800 die
2084 4750 2393 4800 historische
2416 4749 2813 4814 Enth‘clcelunq
2836 4751 2933 4800 der
2954 4750 3156 4800 Kerint—

580 4832 717 4880 ni'sse
745 4844 841 4880 een
873 4828 925 4880 ιιΐ,
961 4844 1125 4880 neuen
1161 4828 1313 4892 welf,
1345 4832 1476 4892 1852,
1511 4830 1551 4890 1,
1581 4843 1636 4892 p.
1669 4832 1778 4881 401.
