3609 5675
64 5 77 8 n
90 2 595 28 -ήῄ-Ἶ-,ἠ-μη
620 2 633 5 -

1543 568 1868 628 -41-

405 718 515 788 sit
558 718 787 810 insula
816 726 936 786 aut
974 717 1193 803 collis‘,
1228 739 1370 785 non
1399 716 1614 787 olla²?
1650 717 1825 786 Cum
1864 715 2307 785 Germaniam
2346 712 2674 781 describit
2710 711 2994 780 Solinus

406 837 601 925 (cap.
647 834 813 922 XX).
840 842 1179 929 memorat
1206 833 1439 901 fictam
1475 832 1668 901 illam
1698 831 2081 902 Glesoeriam
2110 829 2409 900 insulam
2451 849 2603 919 quae
2634 826 2994 896 succinum

402 949 709 1046 profert.
727 948 820 1018 At
842 967 1072 1040 neque
1101 947 1352 1017 Adami
1371 948 1585 1016 coaevi
1607 947 2014 1016 ementibus
2040 945 2415 1036 ignivomis
2436 943 2793 1012 succinum
2824 939 2994 1009 oriri

402 1063 752 1134 arbitrare
794 1068 1192 1154 potuerunt,
1244 1068 1314 1131 et
1362 1063 1675 1132 Adamus
1723 1063 1871 1153 ipse
1907 1062 2054 1154 (IV,
2100 1063 2212 1152 34)
2268 1061 2632 1129 succinum
2676 1058 3002 1126 electrum

402 1184 647 1259 vocat,
690 1177 874 1269 quod
912 1177 1498 1269 quidemarhoris
1524 1179 1830 1246 resinam
1856 1200 2007 1245 esse
2041 1176 2322 1246 Solinus
2349 1176 2624 1244 novit².-

512 1294 624 1361 Ad
654 1293 773 1360 illa
804 1293 1017 1382 igitur
1046 1293 1200 1362 loca
1214 1315 1357 1361 non
1389 1316 1460 1386 se
1488 1293 2077 1362 retulitAdamuS.
2113 1293 2367 1361 Verum
2388 1313 2537 1381 cap.
2563 1290 2733 1358 XXI
2761 1288 2998 1357 scribit

415 1408 705 1486 Solinus
764 1408 1194 1499 dequodam
1238 1410 1389 1477 oleo
1438 1409 1733 1492 medico,
1799 1408 1981 1499 quod
2033 1407 2104 1475 in
2155 1407 2390 1477 Maesia
2441 1404 2744 1498 reperire
2811 1411 2914 1472 est
2978 1427 2994 1473 :

415 1553 458 1592 α
511 1524 758 1596 Oleum
793 1524 979 1615 quod
1015 1533 1267 1594 vocant
1306 1524 1653 1594 Medicum
1695 1546 1710 1594 :
1763 1523 1897 1591 hoc
1938 1523 2024 1592 ad
2075 1522 2471 1590 incendium
2514 1520 2888 1590 excitatum
2940 1520 2998 1586 si

414 1640 731 1720 obruere·
755 1662 936 1731 aqua
960 1640 1241 1730 gestiaS,
1281 1640 1474 1709 ardet
1503 1640 1728 1730 magis
1769 1661 1898 1707 nec
1925 1638 2062 1708 alio
2104 1638 2370 1729 sopitur
2398 1659 2608 1728 quam
2630 1636 2823 1727 jactu
2849 1635 3002 1726 pul-

414 1755 633 1826 veris.
681 1783 715 1818 u
771 1755 972 1838 Quod
1016 1754 1298 1845 quidem
1343 1755 1599 1826 oleum.
1626 1755 1974 1825 Medicum
2016 1776 2160 1822 non
2217 1775 2519 1844 graecum
2556 1753 2817 1842 ignem,
2881 1750 3001 1818 sed

424 1871 664 1961 potius
687 1873 1074 1961 petroleum
1105 1871 1575 1962 autnaph'tam
1598 1870 1788 1940 haud
1817 1892 2003 1960 aegre
2034 1869 2464 1938 crediderim.
2492 1868 2625 1936 Sed
2656 1866 2854 1935 facile
2873 1887 2999 1957 po·

429 1988 569 2056 tuit
595 1986 908 2055 Adamus
951 1996 1195 2060 noster¹
1236 1987 1553 2055 Solinum
1592 1987 1677 2054 de
1713 2008 1937 2076 graeco
1983 1986 2145 2075 igne
2176 1983 2581 2072 intelligere,
2621 1982 2741 2073 qui
2787 1981 3006 2052 Medi-

424 2104 589 2180 cus³
646 2102 858 2171 etiam
906 2101 1091 2191 ignis
1141 2102 1541 2171 vocabatur.
1591 2101 1856 2172 Eodem
1896 2123 2126 2169 errore
2171 2100 2398 2191 quivis
2444 2099 2624 2167 alius
2665 2097 3005 2189 potuisset

423 2218 704 2296 abduci,
749 2227 816 2286 et
864 2218 1086 2286 multo
1116 2217 1419 2286 .facilius
1458 2217 1713 2286 Adami
1764 2217 1995 2285 locum
2057 2215 2156 2284 sic
2205 2217 2738 2307 interpretamur
2796 2236 3004 2304 quam

436 2332 751 2414 obscuris
807 2333 1382 2401 Germanicorum
1435 2332 1869 2401 eruditorum
1899 2332 2355 2422 argumentis.
2413 2331 2611 2398 Adde
2665 2328 2847 2421 quod
2877 2328 3006 2396 mi-

432 2446 628 2515 nime
698 2448 958 2515 mirum
1007 2457 1110 2515 est
1154 2470 1457 2539 graecum
1519 2447 1715 2516 illum
1771 2448 2011 2538 ignem
2072 2469 2279 2538 quem
2324 2446 2626 2538 primum
2689 2443 3007 2537 Byzantii

432 2563 629 2634 VIII⁰
660 2564 891 2632 seculo
937 2565 1320 2653 protulerat
1369 2563 1763 2645 CallinicuS,
1815 2565 1886 2631 in
1930 2564 2195 2648 Iumne‚
2231 2564 2534 2633 cuicum
2578 2560 2832 2631 Graecis
2863 2568 3007 2628 tam
3045 2601 3083 2626 -.
3154 2595 3160 2603 ·

447 2678 778 2768 frequens
816 2702 984 2746 usus
1022 2688 1191 2761 erat,
1229 2678 1459 2747 seculo
1500 2679 1627 2747 ΧΙο
1656 2679 1970 2768 reperiri.

442 2812 449 2820 ·
524 2789 605 2863 In
634 2816 723 2871 eo,
756 2793 970 2884 igitur
999 2793 1253 2864 Adami
1290 2794 1441 2864 loco
1482 2804 1601 2864 aut
1640 2795 1726 2864 de
1764 2816 1930 2864 vase
1970 2794 2122 2887 ipso
2162 2795 2417 2886 agitur,
2456 2815 2704 2884 nempe
2746 2793 2829 2861 de
2870 2790 3006 2860 olla

436 2909 516 2979 in
555 2932 692 3000 qua
736 2910 1014 2979 Graecus
1064 2909 1250 2999 ignis
1290 2909 1556 3001 capitur
1601 2910 1772 3002 (olla
1817 2910 2162 3001 Vulcani),
2216 2920 2339 2980 aut
2376 2910 2458 2979 de
2492 2910 2823 3000 ignigena
2856 2908 3007 3000 ipsa

435 3025 737 3101 materie·
764 3025 877 3115 (si,
915 3046 1040 3116 pro
1079 3024 1243 3108 olla,
1281 3024 1431 3092 olea
1459 3025 1759 3116 legeris).
1805 3027 2032 3095 Ollam
2083 3026 2374 3096 Vulcani
2413 3046 2718 3115 graecum
2773 3024 3008 3114 ignem

434 3163 594 3208 esse
661 3140 932 3231 (gallice
988 3162 1003 3208 ε
1064 3143 1188 3231 feu
1239 3140 1569 3232 qre'qeois)
1615 3144 1764 3233 jam
1823 3141 2311 3232 interpretatus
2374 3150 2502 3225 est,
2564 3160 2748 3208 anno
2804 3142 3000 3220 1745,

434 3255 897 3324 Schwartzius
947 3255 1232 3347 quidam
1284 3255 1882 3326 Greifswaldensis
1924 3278 2004 3325 ea
2062 3256 2144 3325 de
2202 3279 2278 3325 re
2345 3256 2554 3324 latine
2617 3254 3001 3347 disputanS‚

425 3373 632 3461 juxta
677 3372 1123 3440 Asmussen⁴.
1179 3370 1312 3452 Qui
1361 3394 1525 3440 vero
1582 3373 1930 3440 recentius
1995 3371 2326 3463 scripsere
2377 3371 2562 3440 hanc
2608 3370 3008 3461 opinionem

434 3484 932 3574 ignoraverunt
1005 3492 1126 3553 aut
1205 3486 1482 3554 minimi
1564 3488 1896 3570 fecerunt,
1959 3488 2092 3556 hoc
2157 3488 2305 3556 solo
2386 3487 2523 3554 nisi
2599 3495 3007 3576 argumento

431 3601 622 3690 quod
644 3610 938 3691 quatuor
964 3601 1234 3669 saeculis
1257 3607 1413 3670 ante
1438 3602 1795 3671 inventum
1821 3624 2126 3692 graecum
2155 3604 2391 3693 ignem
2421 3602 2699 3671 Solinus
2728 3602 3001 3670 vixerit.

435 3716 526 3783 Et
571 3739 814 3784 revera
861 3717 943 3784 de
997 3717 1376 3806 ignivomis
1413 3718 1737 3787 Islandiae
1784 3719 2140 3787 montibus
2191 3742 2326 3809 quo
2370 3718 2523 3787 loco
2567 3718 3008 3786 disseruisset

435 3830 751 3898 Adamus
781 3830 855 3898 in
895 3832 1138 3922 primis
1174 3833 1588 3923 quaerebant.

527 3948 595 4011 4⁰
624 3946 991 4015 Annalista
1036 3948 1253 4014 Saxo⁵
1288 3957 1510 4016 totum
1541 3948 1789 4017 Adami
1830 3956 2037 4039 caput
2074 3948 2518 4016 immutatum
2553 3946 2809 4016 retulit.
2848 3947 3012 4014 Hel-

434 4059 716 4128 moldus
743 4083 907 4128 vero
937 4061 1019 4151 (Ι,
1055 4063 1124 4152 2)
1164 4062 1513 4130 Adamum
1547 4062 1733 4131 haud
1753 4065 2052 4131 multum
2078 4063 2400 4147 illustrat,
2432 4086 2558 4131 nec
2588 4084 2831 4153 parum
2860 4062 3009 4153 ipse

505 4305 551 4352 1.
573 4302 892 4365 Asmussen‚
929 4302 1328 4365 commentatio,
1359 4316 1414 4366 p.
1440 4306 1518 4354 43.

499 4382 548 4430 2.
570 4380 786 4442 Archiv,
811 4381 900 4443 VI,
927 4396 991 4445 p..
1016 4385 1126 4431 815.

500 4464 550 4510 3.
582 4461 658 4510 De
691 4475 868 4525 graeco
899 4462 1042 4526 igne,
1075 4461 1195 4511 vide
1224 4463 1291 4512 M.
1329 4463 1624 4521 Berthelot,
1654 4464 1747 4512 Les
1775 4464 2140 4528 compositiores
2173 4464 2521 4513 incendiaires
2549 4463 2684 4512 dans
2713 4463 3018 4527 l'antiquile'

436 4543 491 4590 et
513 4555 587 4591 au
614 4554 798 4604 moyen
833 4543 948 4606 ἀρε.
982 4542 1050 4590 Le
1067 4544 1160 4603 seu
1186 4543 1421 4606 qreqeois
1435 4545 1485 4592 et
1511 4542 1588 4592 les
1611 4544 1839 4607 oriqines
1864 4544 1929 4593 de
1954 4543 2006 4592 la
2029 4543 2233 4608 pondre
2259 4544 2292 4592 ὰ
2311 4558 2480 4594 canon
2505 4543 2689 4608 (Revue
2719 4542 2810 4592 des
2833 4544 3008 4592 Deum-

435 4618 668 4682 Mondes,
704 4625 757 4670 15
776 4622 904 4671 aout
933 4625 1076 4676 1891:
1111 4636 1231 4671 cum
1262 4621 1441 4673 indice
1479 4626 1784 4684 auctorum,
1814 4637 1864 4687 p.
1895 4624 2023 4687 786).

499 4701 550 4749 4.
580 4700 897 4764 Asmussen,
924 4714 977 4764 p.
1009 4703 1070 4751 44
1101 4702 1288 4765 (nota).

498 4782 550 4830 5.
576 4780 860 4830 Annalista
888 4781 1027 4832 Saxo
1046 4780 1114 4831 ad
1141 4795 1270 4832 ann.
1288 4784 1401 4843 983,
1430 4782 1490 4833 in
1522 4783 1751 4833 Menum.
1777 4783 1972 4846 Germ„
1992 4784 2207 4848 Script„
2239 4784 2327 4847 VI,
2352 4798 2407 4848 p.
2428 4787 2537 4836 631.

3585 149 3588 174 μ
3583 99 3588 138 'u
3556 0 3563 1 1
