3609 5675
1554 573 1874 634 ...3¹7-

422 730 538 789 est
558 722 710 791 0115
735 722 1064 807 Vulcani,
1095 721 1550 813 quodiucolae
1592 722 1910 791 Graecum
1937 722 2176 812 ignem
2198 729 2472 807 vocant,
2497 722 2590 803 „de
2623 745 2759 814 quo
2790 723 2997 790 etiam

420 829 762 916 meminit,
789 838 1089 906 Solinus.
1142 836 1250 906 Ibi
1292 837 1597 907 cernitur
1641 838 2006 927 Neptunus
2060 838 2351 927 triplicis
2397 848 2665 907 naturae
2709 860 2725 908 ε
2776 836 3000 905 tribus

424 954 617 1022 enim
650 953 842 1024 fretis
864 954 1148 1026 alluitur
1170 952 1289 1021 illa
1310 953 1568 1036 insula,
1598 976 1896 1045 quorum
1921 954 2117 1023 aiunt
2140 977 2357 1022 unum
2377 977 2528 1022 esse
2556 953 2997 1022 viridissimae

426 1068 710 1157 speciei,
749 1069 1071 1136 alterum
1132 1068 1546 1153 subalbidae,
1613 1069 1894 1140 tertium
1955 1077 2151 1159 motu
2211 1069 2583 1138 furibundo
2649 1068 3003 1161 perpetuis

423 1182 626 1251 saevit
662 1183 1216 1272 tempestatibus,
1251 1199 1283 1247 »·
1310 1184 1489 1251 Dein
1522 1184 1722 1254 docet
1753 1184 2071 1254 Adamus
2097 1206 2307 1276 quam
2336 1184 2541 1273 longe
2573 1206 2615 1251 a
2653 1182 3005 1250 nonnullis

423 1297 585 1366 aliis
640 1291 1041 1388 reg-“ionibus
1104 1297 1308 1366 distet
1369 1298 1648 1381 Iumne,
1706 1308 1774 1367 et
1827 1300 1914 1367 ad
1979 1299 2279 1369 Oderam
2326 1299 2529 1381 redit,
2583 1320 2795 1390 quam
2843 1318 3005 1367 cum

420 1413 592 1482 Albi
627 1414 912 1482 flumine
956 1414 1241 1482 confert.

522 1530 776 1598 Doctus
808 1529 912 1598 vir
940 1534 1015 1598 L.
1056 1529 1504 1614 Giesebreckt,
1536 1530 1652 1621 qui
1681 1530 1765 1598 de
1793 1529 1926 1598 hoc
1954 1530 2109 1599 loco
2136 1531 2211 1598 in
2240 1528 2709 1620 compluribus
2736 1527 3006 1618 scriptis

422 1645 581 1713 fuse
602 1644 983 1727 disseruit¹,
1003 1668 1126 1734 pro
1150 1654 1501 1735 comperto
1528 1644 1735 1713 habet
1754 1644 2080 1713 Islandiae
2099 1645 2493 1735 ignivomos
2521 1649 2797 1712 montes
2828 1642 3007 1710 Ada-

424 1782 548 1827 mo
565 1761 868 1850 profecto
891 1768 1095 1828 notos
1115 1759 1352 1844 fuisse,
1370 1769 1436 1827 et
1462 1759 1714 1828 deistis
1729 1782 1890 1830 eum
1916 1759 2311 1829 necessario
2345 1760 2641 1828 scrihere
2655 1758 2999 1827 debuisse.

424 1875 671 1965 Neque
703 1874 969 1944 dubitat
996 1875 1168 1966 quin
1190 1897 1355 1944 voce
1395 1874 1552 1944 Olla
1589 1875 1881 1944 Vulcani
1911 1874 2230 1943 Adamus
2264 1878 2553 1965 ejusque
2583 1873 2795 1944 coaevi
2835 1872 3011 1962 igni-

422 1990 911 2070 vomi‘montis
947 1999 1284 2059 craterem
1329 1990 1737 2081 significent.
1781 1991 1982 2061 Unde
2023 1990 2462 2058 inferendum
2501 1998 2621 2058 aut
2657 1987 3010 2057 Adamum

422 2105 808 2174 Islandiam
852 2129 975 2197 pro
1013 2106 1277 2175 Wollin
1320 2106 1671 2192 habuisse,
1721 2112 1844 2176 aut
1881 2108 2091 2174 istum
2145 2129 2295 2173 esse
2341 2105 2704 2196 cujusdam
2746 2103 3012 2172 librarii

422 2242 758 2307 errorem,
801 2230 867 2288 et
907 2221 1138 2290 locum
1175 2222 1267 2305 ΙΙ,
1315 2225 1398 2292 19
1442 2221 1655 2289 fuisse
1695 2222 2209 2313 interpolatum.
2251 2221 2563 2302 Quarum
2603 2219 3013 2309 opinionum

419 2336 729 2427 primam
783 2336 1122 2428 principio
1174 2346 1452 2406 secutus
1492 2345 1637 2405 erat
1682 2338 2125 2405 Giesebrecht.
2169 2337 2440 2406 Verum
2478 2357 2716 2424 regem
2769 2334 3009 2416 Suein,

421 2451 688 2522 Adami
735 2461 1005 2536 testem,
1041 2474 1181 2521 non
1234 2452 1407 2521 adeo
1459 2452 1541 2522 de
1599 2452 1859 2521 slavico
1904 2452 2132 2519 littore
2179 2474 2409 2520 errare
2448 2450 2757 2542 potuisse
2796 2457 2872 2520 ut
2919 2448 3017 2517 ibi
3070 2469 3077 2477 ·

422 2565 959 2635 subterraneum
989 2568 1226 2657 ignem
1253 2567 1496 2636 ardere
1524 2567 1955 2636 existimaret
1985 2566 2169 2635 haud
2203 2567 2425 2635 multo
2457 2576 2609 2656 post
2637 2565 3018 2634 declaravit

420 2681 624 2753 idem
645 2682 1094 2752 Germanicus
1128 2683 1429 2751 auctor².
1458 2683 1651 2752 Tunc
1679 2682 1943 2752 librarii
1972 2704 2281 2753 errorem
2300 2680 2515 2750 fuisse
2544 2681 3016 2750 demonstrare

421 2804 655 2866 tentat
682 2796 936 2889 triplici
971 2820 1052 2865 ea
1082 2797 1347 2874 ratione
1376 2820 1391 2867 ε
1427 2803 1491 2866 1⁰
1517 2797 2132 2890 interpolationem
2158 2797 2371 2866 fuisse
2396 2802 2706 2880 constat;
2739 2798 2807 2864 2ο
2834 2796 3016 2864 unde

422 2934 521 2981 ea
552 2922 699 2982 orta
738 2913 859 2995 sit;
899 2917 965 2982 3ο
997 2913 1114 2982 ubi
1156 2923 1224 2982 et
1255 2936 1392 3005 quo
1431 2936 1641 2983 sensu
1671 2914 1922 2985 dubius
1951 2914 2065 2981 ille
2104 2913 2299 2982 locus
2325 2912 2661 3004 legendus
2692 2911 2804 2981 sit.

531 3030 595 3095 1⁰
631 3029 840 3098 Juxta
862 3028 1329 3114 Giesebrecht,
1372 3039 1558 3097 totus
1598 3029 1713 3097 ille
1750 3051 1898 3121 cap.
1936 3031 2019 3099 19
2058 3030 2250 3097 locus
2283 3029 2376 3097 ab
2411 3036 2438 3095 τ’
2492 3022 2575 3096 In
2609 3027 2806 3120 cujus
2843 3027 3014 3095 ostio

421 3142 525 3212 ad
552 3145 745 3212 Sicut
786 3168 946 3235 erqo
975 3145 1383 3235 praedictum
1415 3156 1535 3228 est,
1587 3146 1716 3213 fuit
1759 3144 2236 3235 interpolatus».
2272 3144 2431 3212 Non
2459 3143 2806 3213 c'ohaerere
2837 3142 3016 3211 inter

425 3282 513 3328 se
574 3261 952 3329 sententias
1009 3268 1239 3353 putat,
1296 3261 1930 3352 transeundumque
1973 3260 2325 3331 existimat
2378 3260 2462 3330 ab
2517 3284 2533 3330 :
2607 3259 2799 3328 Ultra
2842 3262 3017 3327 Leu-

423 3376 634 3443 tz'cios
685 3376 960 3445 Oddara
980 3379 1247 3467 flamen
1293 3378 1605 3459 occurrit,
1649 3376 1737 3445 ad
1788 3398 1804 3446 ε
1858 3376 2098 3447 Oritur
2138 3376 2216 3445 in
2255 3375 2797 3469 profundissimo
2836 3375 3015 3443 saltu

421 3492 906 3559 Marakorum.
954 3492 1336 3561 Posteriori
1383 3500 1619 3560 autem
1671 3502 1976 3582 tempore
2030 3493 2207 3560 mira
2242 3492 2363 3561 illa
2406 3493 2487 3559 de
2526 3484 2790 3560 ''Iumne
2848 3490 3014 3560 civi-

425 3611 579 3675 tate
624 3607 876 3698 scripta
919 3608 1450 3676 fuisseasserit.
1489 3608 1878 3691 Postrem0‚
1913 3608 2023 3676 hae
2051 3630 2304 3679 voces:
2346 3607 2603 3676 Ibi'ssest
2647 3595 2802 3676 Olla
2856 3606 3014 3674 Vul-

426 3721 626 3804 cani,
669 3744 828 3790 cum
875 3722 1057 3813 apud
1103 3722 1575 3806 Helmoldum,
1630 3722 1749 3813 qui
1796 3729 2037 3793 tamen
2077 3723 2328 3791 Adami
2377 3724 2609 3790 locum
2646 3721 2729 3789 de
2771 3720 3017 3788 Iumne

423 3837 670 3923 refert,
705 3859 848 3905 non
875 3837 1332 3928 reperiantur,
1371 3860 1470 3907 eae
1499 3828 1749 3912 merito
1779 3844 2116 3929 suspectae
2145 3837 2479 3906 habendae
2510 3845 2692 3905 sunt.

529 3956 599 4020 2⁰
632 3953 777 4020 111ae
819 3935 986 4022 Oltae
1035 3954 1324 4022 Vulcani
1365 3953 1562 4022 locus
1594 3953 2029 4023 habebantur
2069 3976 2203 4045 quo
2234 3953 2714 4021 defunctorum
2761 3950 3010 4019 animae

429 4066 802 4163 culparum
843 4090 1085 4158 poenas
1130 4068 1507 4145 solvebant.
1546 4068 1732 4150 *Cum
1767 4076 2301 4139 autemmontes
2331 4063 2570 4159 ignem
2607 4071 3013 4135 evomentes

304 4184 331 4194 ‘
424 4184 513 4251 in
534 4163 974 4251 meridionali
1008 4185 1293 4275 Europa
1328 4184 1495 4253 Ollae
1529 4163 1818 4253 Vulcani
1840 4187 2080 4276 (To‘pfe
2108 4184 2222 4252 des
2264 4183 2542 4274 Vulcan)
2572 4187 3008 4266 vocarentur,

432 4307 523 4367 et.
550 4299 1034 4368 damnatorum
1078 4299 1398 4390 supplicii
1446 4300 2222 4382 locaexistimarentur,
2267 4320 2386 4367 eos
2426 4297 2748 4367 Islandiae
2797 4296 3013 4366 chris-

502 4554 555 4600 1.
595 4550 659 4600 L.
694 4549 1062 4611 Giesebrecht,
1113 4550 1218 4600 Von
1251 4549 1367 4599 dem
1400 4550 1558 4612 Topfe
1589 4549 1681 4600 des
1713 4549 1977 4601 Vulcanus
2008 4550 2067 4600 in
2104 4548 2254 4600 Julin
2288 4548 2667 4613 (Pommersclze
2688 4547 3011 4597 Prouincial-

427 4630 660 4694 matter,
682 4633 720 4681 t.
738 4631 806 4681 IV
826 4631 1007 4694 (1822),
1025 4645 1078 4695 p.
1099 4634 1322 4681 l5l·160.
1346 4629 1969 4692 Id.,Nordlandslcunde,
1984 4644 2037 4694 p.
2064 4631 2149 4680 161
2177 4643 2318 4694 sqq„
2334 4631 2389 4680 et
2411 4644 2465 4693 p.
2490 4631 2596 4679 194.
2622 4627 2723 4692 Id.,
2746 4627 3010 4679 Baltiscke

354 4716 359 4721 “
420 4710 676 4773 Studien,
713 4711 800 4774 VI,
833 4725 888 4775 p.
918 4713 1025 4761 195.
1057 4709 1153 4771 1d.,
1194 4709 1495 4760 Wendische
1521 4710 1875 4772 Geschichten,
1906 4710 1972 4771 11,
2003 4724 2057 4774 p.
2086 4713 2167 4761 91.

492 4794 544 4842 2.
573 4791 837 4856 Sigebert.
872 4792 1140 4842 Gemblae.
1176 4790 1367 4841 Chr-on.
1390 4790 1463 4840 ad
1480 4805 1607 4841 ann.
1638 4793 1730 4843 998
1753 4791 2002 4856 (Monam.
2036 4790 2231 4853 Germ„
2261 4790 2478 4854 Script„
2510 4791 2597 4854 VI,
2628 4803 2680 4854 p.
2714 4791 2843 4854 353).
