3609 5675
61 0 68 3 ἡ
94 0 803 28 ·ᾛΓΓἮ--νςψτ-ῂ--ή
820 0 974 22 -w-*ss*vr
993 0 1028 3 -v-
1057 0 1150 4 .....,
1173 0 1184 5 r
1211 0 1305 20 ’ἡκ-θ
1327 0 1342 1 Π
1421 0 1424 1 ⁷

150 25 159 34 Ι
208 33 223 46 “
266 45 275 54 Ι
608 21 619 32 G
767 51 773 64 0

1548 557 1864 620 -v39-.-.

418 704 603 795 pisse
634 705 954 773 novimus
973 705 1154 774 used
1173 729 1331 780 cum
1352 706 1508 774 illos
1531 714 1806 773 montes
1829 704 2228 772 describunt
2250 704 2460 772 medii
2492 703 2620 772 aevi
2641 712 2980 787 auctoreS,

420 820 664 888 eadem
714 820 1195 912 descriptione,
1254 822 1422 914 ipsis
1476 822 1615 888 fere
1668 819 1917 887 iisdem
1962 819 2187 886 verbis
2239 827 2553 900 utuntur,
2610 842 2694 886 ex
2740 819 2987 909 quibus

418 955 539 1001 eos
578 934 664 1002 ab
699 934 969 1004 Adamo
1008 958 1294 1026 prorsus
1335 935 1720 1025 discrepare
1757 933 2127 1021 intelligas.
2164 933 2449 1022 Scripsit
2488 933 2770 1023 quidem
2808 955 2873 1000 v.
2910 956 2979 1022 g.

421 1048 604 1117 Saxo
633 1048 714 1116 de
731 1049 983 1116 Hecla²
1011 1051 1272 1134 monte,
1290 1029 1653 1120 verum'ita
1678 1048 1902 1117 lucide
1929 1057 2003 1114 ut
2031 1047 2262 1116 nullus
2288 1058 2564 1116 maneat
2590 1047 2985 1136 ambigendi

418 1163 617 1231 locus
657 1186 672 1231 :
718 1164 979 1233 «Mons
1019 1164 1135 1255 qui
1178 1186 1421 1255 rupem
1456 1164 1798 1232 sideream
1850 1170 2199 1254 perpetuae
2241 1163 2668 1252 flagrationis
2706 1162 2986 1230 aestibus

417 1278 727 1346 imitatus
740 1278 1058 1347 incendia
1072 1280 1493 1368 sempiterna
1498 1282 1523 1370 j
1537 1303 1573 1346 u
1584 1278 1654 1369 gi
1668 1280 1901 1347 flamm
1911 1301 2107 1347 arum
2121 1278 2542 1347 eructatione
2557 1278 2985 1346 continuat.»

510 1394 805 1461 Remota
858 1393 1072 1483 igitur
1136 1417 1217 1464 ea
1268 1395 1616 1485 opinione,
1668 1417 1890 1485 neque
1937 1400 2215 1485 accepta
2254 1377 2795 1476 intercalatione,
2865 1393 2985 1461 illa

419 1508 620 1576 nobis
653 1508 1025 1599 quaerenda
1064 1510 1349 1590 estsOlla
1400 1510 1685 1577 Vulcani
1723 1510 1794 1576 in
1830 1510 2094 1591 Iumne‚
2120 1511 2208 1578 ad
2242 1509 2484 1578 Odarae
2519 1508 2796 1577 ostium.
2838 1508 2990 1590 Qua

417 1622 493 1690 in
524 1646 598 1690 re
621 1623 845 1691 frusta
870 1646 1153 1713 operam
1177 1624 1661 1715 impenderunt
1683 1633 2283 1693 commentatores,
2301 1626 2513 1693 Juxta
2532 1626 2980 1709 Asmussen³,

424 1738 582 1807 Olla
631 1738 918 1805 Vulcani
944 1738 1136 1822 ,aihil
1170 1738 1358 1806 aliud
1396 1740 1736 1828 significat
1779 1768 1813 1802 «
1861 1740 1991 1807 nisi
2044 1749 2239 1807 terrae
2283 1739 2551 1806 hiatum
2581 1747 3003 1807 aestuantem-

418 1862 485 1921 et
526 1854 909 1935 fumantem
948 1882 1008 1940 »,
1044 1860 1113 1921 et
1150 1854 1468 1944 Neptuno
1508 1854 1756 1946 triplici
1798 1855 2146 1923 indicatur
2185 1854 2496 1945 Triqlaffi
2535 1854 2869 1923 slavicum
2914 1855 2991 1922 il-

415 1969 537 2037 lud
577 1970 825 2060 triptici
872 1971 1092 2061 capite
1134 1970 1610 2053 simulacrum,
1656 1972 1800 2040 sive
1849 1972 2097 2062 triplex
2137 1972 2495 2040 castellum
2541 1994 2677 2062 quo
2719 1994 2992 2040 summa

406 2086 660 2155 civitas
710 2086 1173 2155 muniebatur.
1204 2087 1382 2154 Aliis
1426 2088 1446 2121 ⁴
1489 2087 1755 2155 videtur
1795 2088 1934 2155 olla
1981 2110 2023 2154 a
2074 2088 2333 2157 Wollin
2381 2109 2522 2154 non
2562 2087 2825 2170 abesse,
2868 2111 2995 2155 ne·-

420 2196 552 2292 que
593 2224 846 2292 qraecus
891 2202 1070 2292 iynis
1108 2225 1148 2271 a
1189 2202 1490 2293 quadam
1534 2204 1713 2271 male
1754 2203 2098 2271 intellecta
2139 2203 2410 2271 Slavica
2441 2226 2630 2271 voce.
2674 2204 2996 2276 Primum¹

419 2315 701 2407 quidem
730 2317 1219 2408 Lappenberg³
1275 2317 1500 2385 Ollam
1544 2318 1831 2387 Vulcani
1862 2341 1986 2409 pro
2015 2319 2358 2387 mercibus
2397 2318 2810 2409 quibusdam
2846 2319 2993 2386 vult

415 2431 737 2520 intelligi,
783 2454 944 2500 cum
1005 2432 1078 2499 in
1125 2432 1540 2522 praecedenti
1572 2432 1724 2500 loco
1771 2434 1855 2502 de
1904 2433 2252 2501 mercibus
2288 2440 2537 2522 agatur
2588 2456 2759 2524 quas
2807 2434 2992 2501 Ium-

416 2569 503 2613 ne
530 2547 830 2637 reperire
855 2554 958 2616 est
987 2569 1003 2616 t
1037 2576 1070 2611 «
1110 2548 1287 2619 Urbs
1318 2548 1437 2618 illa
1466 2550 1810 2618 mercibus
1854 2549 2166 2618 omnium
2198 2549 2844 2639 septentrionalium
2873 2573 2993 2620 na-

417 2662 688 2730 tionum
709 2663 1016 2754 locuples
1045 2663 1218 2730 nihil
1246 2686 1384 2730 non
1410 2664 1614 2733 habet
1623 2665 1910 2756 jocundi
1928 2671 2048 2733 aut
2077 2665 2210 2734 rari
2235 2694 2293 2732 ».
2317 2665 2448 2732 Hic
2469 2646 2632 2732 vero
2660 2687 2799 2733 non
2829 2671 2985 2745 stat,

417 2787 485 2847 et
520 2778 696 2857 hanc
727 2779 952 2846 Ollam
989 2780 1276 2848 Vulcani
1305 2780 1599 2870 pharum
1630 2804 1778 2849 esse
1803 2803 2005 2873 posse
2022 2781 2262 2851 asserit
2292 2782 2377 2874 (F
2376 2783 2716 2873 cuertopf,
2739 2784 2992 2849 Feucr-

420 2893 636 2984 balce),
665 2894 783 2984 qui
813 2894 922 2961 his
949 2895 1163 2977 fretiS,
1201 2918 1354 2985 quae
1380 2896 1766 2985 periculosa
1807 2920 1958 2965 esse
2000 2878 2234 2964 scribit
2263 2898 2599 2978 AdamuS,
2637 2897 2985 2984 affulgeat.

508 3009 677 3090 Quae
717 3009 909 3091 satiS,
945 3019 1020 3077 ut
1059 3010 1300 3101 liquet,
1347 3011 1631 3078 confusa
1661 3020 1737 3078 ut
1783 3010 2133 3102 paulisper
2174 3011 2646 3102 explanemUS,
2684 3033 2988 3101 quaerere

416 3124 618 3191 nobis
657 3124 732 3191 in
771 3134 998 3193 mente
1031 3132 1136 3193 est
1170 3148 1184 3193 ε
1224 3131 1289 3193 1⁰
1330 3126 1497 3216 quid
1540 3135 1734 3193 sonet
1765 3126 1912 3195 haec
1943 3149 2118 3194 vox:
2156 3126 2308 3193 Olla
2354 3127 2641 3195 Vulcani
2650 3149 2680 3211 ‚·
2714 3130 2782 3192 2⁰
2819 3126 2988 3216 quid

423 3242 695 3308 Graccus
736 3240 961 3330 iqnis;
1006 3242 1073 3306 3⁰
1127 3241 1214 3308 ad
1265 3264 1471 3330 quem
1524 3241 1739 3309 Solini
1793 3243 2026 3309 locum
2076 3241 2387 3309 Adamus
2439 3263 2587 3309 sese
2638 3240 2984 3320 retulerit3

422 3359 488 3422 4⁰
519 3354 704 3447 apud
731 3378 904 3446 quos
937 3355 1304 3446 scriptores
1340 3356 1587 3424 Adami
1629 3357 1820 3424 locus
1855 3355 2257 3447 reperiatur.
2294 3356 2489 3426 Unde
2517 3356 2988 3445 intelligemus

414 3469 648 3560 plures
687 3475 872 3538 ortas
917 3492 1068 3538 esse
1111 3470 1363 3538 arduas
1413 3471 1831 3561 quaestiones
1872 3494 1956 3539 ex
1986 3471 2072 3537 iis
2112 3471 2283 3560 ipsis
2326 3471 2756 3538 eruditorum
2800 3494 2989 3539 com-

415 3585 774 3673 mentariis
814 3585 897 3653 de
938 3586 1070 3653 hoc
1109 3586 1260 3654 loco
1303 3585 1600 3676 scriptis,
1647 3608 1853 3676 quem
1890 3608 2016 3654 nec
2057 3587 2155 3653 ita
2192 3586 2609 3653 mendosum
2652 3609 2777 3654 nec
2817 3586 2989 3654 adeo

418 3698 794 3768 obscurum
832 3700 1272 3769 arbitramur.

511 3821 576 3881 1⁰
644 3818 796 3885 Vox
854 3816 1009 3883 Olla
1064 3807 1349 3884 Vulcani
1399 3839 1741 3907 nusquam
1783 3818 1964 3909 apud
2005 3818 2355 3900 classicOS‚
2408 3817 2757 3886 interdum
2806 3816 2988 3907 apud

414 3931 790 3998 nonnullos
828 3933 1039 4000 medii
1072 3932 1202 4000 aevi
1239 3941 1552 4001 auctores
1584 3933 1955 4001 invenitur.
1995 3933 2372 4022 Gregorius
2398 3934 2691 4021 Magnus
2712 3934 2733 3967 ⁶
2766 3931 2995 4000 Ollam

429 4047 720 4115 Vulcani
748 4058 947 4115 vocat
971 4048 1374 4132 Vesuvium,
1397 4048 1468 4115 in
1499 4071 1706 4138 quem
1743 4047 2150 4116 Theodorici
2182 4048 2368 4137 regis
2411 4048 2645 4115 anima
2682 4070 2988 4138 praeceps

484 4222 534 4268 1.
570 4220 646 4268 De
674 4217 927 4267 Islandiae
956 4217 1300 4281 eruptionum
1331 4217 1701 4282 chronologia,
1724 4231 1776 4266 v.
1794 4216 2068 4278 Poestion,
2092 4215 2293 4277 Island,
2316 4230 2370 4280 p.
2402 4219 2481 4266 131
2515 4217 2596 4280 (ex
2616 4216 2990 4279 Thoroddsen,

417 4298 660 4362 Oversiqt
688 4311 812 4347 over
835 4297 899 4346 de
926 4297 1196 4346 islanda-ke
1221 4296 1504 4347 Vullcaners
1524 4297 1794 4360 His-toric).

478 4383 526 4430 2.
559 4379 717 4439 Saxo,
742 4377 1010 4442 praefatiO,
1042 4393 1096 4442 p.
1131 4378 1205 4426 14.

477 4463 527 4510 3.
563 4460 883 4518 Asmussen,
913 4457 1106 4506 Comm.
1134 4456 1198 4506 de
1223 4457 1478 4520 fontibus,
1506 4471 1561 4521 p.
1594 4459 1756 4508 43-44.

475 4541 530 4589 4.
566 4539 641 4588 Ea
659 4538 782 4589 vide
804 4539 857 4588 et
882 4538 988 4587 alia
1012 4537 1188 4587 adhuc
1207 4537 1350 4600 apud
1367 4537 1422 4586 L.
1441 4538 1803 4602 Giesebrecht,
1822 4536 2321 4599 Nordlandslcunde,
2338 4552 2392 4602 p.
2421 4538 2639 4596 194-197,
2655 4539 2708 4587 et
2728 4534 2991 4585 Ballisclze

412 4617 659 4680 Studien,
686 4619 776 4679 Vl,
815 4632 867 4682 p.
900 4622 1005 4668 197.

477 4703 528 4749 5.
553 4698 766 4761 Archiv,
793 4698 878 4758 vl,
899 4711 957 4761 p.
991 4699 1220 4748 cu-w.

476 4783 528 4830 6.
558 4777 789 4842 Dialoq„
816 4777 852 4826 l.
876 4777 965 4839 IV,
996 4791 1113 4841 cap.
1141 4780 1216 4827 30.
1250 4778 1325 4826 De
1358 4780 1528 4828 morte
1553 4777 1868 4828 Theodorici
1900 4778 2042 4842 regis
2069 4778 2252 4828 Ariani
2282 4778 2497 4842 (Migne,
2527 4779 2563 4826 t.
2600 4780 2675 4841 77,
2704 4791 2756 4840 p.
2787 4776 2917 4840 369).
