3609 5675
1717 550 2036 610 ..40-

589 703 912 768 immissa
960 708 1088 768 est.
1137 699 1230 767 At
1273 698 1526 767 dubius
1573 699 1765 767 locus
1805 708 1936 781 est,
1979 707 2046 766 et
2100 699 2399 767 insulam
2445 698 2701 779 forsan,
2756 720 2900 767 non
2954 697 3171 766 ollam

591 819 829 907 legere
865 824 991 897 est,
1034 837 1193 883 cum
1232 837 1455 905 graece
1487 823 1655 901 νῆσόν
1686 813 2092 883 habeamus.
2121 813 2428 883 Meminit
2465 814 2633 882 item
2672 813 3173 884 Vindobonen-

593 933 693 999 sis
749 931 877 999 lx*
941 932 1171 1000 seculo
1254 929 1815 1020 archiepiscopus
1868 929 2013 1000 Ado
2078 929 2483 998 Vulcaniam
2534 928 2744 997 ollam
2808 928 2879 996 in
2927 950 3163 1020 quam,

585 1051 805 1135 juxta
849 1045 1191 1114 visionem
1233 1045 1626 1135 quamdam,
1677 1044 2016 1113 abductus
2063 1044 2292 1112 fuerat
2345 1045 2718 1127 Ebro'inus‚
2769 1046 2996 1135 major
3042 1066 3173 1133 pa-

593 1163 773 1243 latii,
837 1167 911 1228 ut
959 1161 1308 1229 scelerum
1359 1181 1602 1251 poenas
1657 1159 1912 1227 daret¹.
1974 1159 2376 1250 Rudolphus
2435 1159 2729 1228 Glaber²
2787 1160 3177 1229 Vesuvium

593 1285 938 1347 memorat
985 1304 1017 1338 «
1053 1276 1170 1367 qui
1202 1282 1269 1343 et
1310 1274 1604 1344 Vulcani
1640 1274 1776 1343 olla
1813 1274 2064 1342 dicitur
2102 1304 2158 1341 ».
2192 1274 2298 1357 Et,
2338 1283 2413 1342 ut
2445 1282 2712 1343 ceteros
2744 1275 3169 1360 omittamuS‚

593 1391 1007 1483 &figebat-tus
1068 1389 1586 1460 Gemblacensis
1618 1391 1641 1425 ³
1699 1398 1936 1459 narrat
1988 1390 2314 1458 abbatem
2365 1390 2888 1458 cluniacensem
2941 1390 3182 1458 Odilo-

593 1531 785 1591 nem,
833 1507 1018 1575 anno
1054 1508 1226 1574 1048
1269 1506 1411 1574 vita
1453 1506 1790 1587 functum,
1826 1527 1867 1573 a
1899 1505 2012 1596 pio
2049 1505 2351 1595 quodam
2391 1506 2754 1596 peregrino
2804 1505 3175 1597 accepisse,

593 1623 717 1711 qui
773 1623 916 1711 ipse
958 1622 1043 1691 ab
1093 1621 1385 1690 eremita
1424 1620 1655 1690 Siculo
1697 1619 2051 1703 didicerat,
2100 1649 2133 1683 «
2180 1620 2363 1711 quod
2404 1621 2473 1687 in
2512 1620 2630 1688 illa
2669 1621 2924 1689 vicinia
2948 1632 3186 1689 essent

593 1739 753 1807 luca
797 1737 1181 1807 eructantia
1217 1737 1654 1805 flammarum
1691 1736 2033 1818 incendia,
2067 1759 2220 1826 quae
2256 1736 2410 1805 loca
2445 1744 2777 1806 vocantur
2812 1727 2898 1804 ab
2932 1736 3183 1805 incolis

605 1855 777 1923 [illae
801 1853 1115 1935 Vulcani,
1141 1852 1214 1920 in
1241 1852 1491 1943 quibus
1510 1852 1757 1921 animae
1775 1852 2227 1943 reproborum
2250 1852 2441 1921 luant
2459 1853 2728 1921 diversa
2756 1851 3113 1944 supplicia.
3145 1880 3181 1914 »

697 1975 761 2035 ΞΕ·
805 1975 970 2051 Quae
1012 1968 1293 2059 quidem
1331 1967 1498 2037 satis
1531 1966 1825 2056 probant
1862 1988 2030 2035 voce
2072 1967 2228 2037 Olla
2276 1967 2566 2036 Vulcani
2618 1976 2954 2036 craterem
2994 1990 3180 2059 saepe

605 2087 1048 2175 designatum
1112 2084 1346 2152 fuisse.
1406 2084 1644 2174 Neque
1692 2106 1856 2151 vero
1909 2083 2162 2151 Adami
2225 2085 2454 2152 locum
2514 2084 2740 2173 magis
2801 2084 3176 2168 illustrant,

609 2203 857 2291 quippe
908 2201 1024 2291 qui
1071 2223 1198 2268 nec
1251 2200 1334 2268 de
1394 2199 1657 2281 Sicilia,
1721 2221 1846 2267 nec
1897 2199 1980 2267 de
2037 2199 2439 2289 purgatorio
2490 2200 2675 2290 quod
2723 2199 2817 2267 ibi
2875 2199 3178 2290 reperire

609 2319 721 2399 sit,
793 2316 1152 2384 manifesto
1203 2326 1385 2406 agat.
1458 2316 1599 2383 Nec
1653 2337 1950 2405 usquam
1999 2338 2134 2383 vox
2181 2339 2438 2405 qraecus
2504 2314 2683 2406 iqnis
2744 2315 3182 2404 ignivomum

609 2443 917 2499 muntem
949 2432 1314 2521 significat.
1346 2431 1469 2499 Ille
1500 2439 1734 2499 autem
1769 2453 2024 2520 qraecus
2062 2430 2239 2522 iqnis
2273 2431 2433 2521 quid
2474 2440 2659 2499 certo
2700 2432 2790 2498 sit
2822 2432 3021 2522 plane
3049 2453 3185 2498 no-

617 2547 837 2615 vimus
865 2571 877 2631 ς
909 2546 980 2614 id
1025 2556 1127 2614 est
1167 2546 1458 2636 gallice:
1484 2547 1608 2637 seu
1631 2570 1795 2637 qrec
1834 2570 1920 2613 on
1959 2547 2282 2637 qreqeois.
2319 2548 2616 2614 Necesse
2655 2570 2820 2637 ergo
2863 2555 2968 2615 est
3006 2546 3190 2615 inter

617 2675 980 2751 utramque
1051 2683 1295 2729 vocem
1344 2662 1428 2731 ab
1479 2662 1754 2730 Adamo
1814 2669 2242 2753 usurpatam,
2298 2662 2489 2729 illam
2542 2662 2980 2752 potissimum
3019 2662 3187 2752 eligi

617 2779 721 2867 cuj
737 2803 817 2843 us
841 2776 1347 2868 liquidissimus
1373 2776 1743 2858 sitsensu5‚
1772 2783 1847 2845 ut
1878 2777 2234 2869 eaexplice
2249 2783 2356 2845 tur
2387 2800 2539 2868 quae
2570 2778 2790 2847 rarior
2812 2788 2913 2846 est
2939 2786 3007 2846 et
3031 2776 3197 2847 ohs-

621 2916 809 2960 cura.
861 2895 1013 2960 Olla
1063 2892 1161 2960 sic
1210 2915 1252 2961 a
1297 2892 1658 2982 Ducangio
1700 2893 2112 2961 describitur
2164 2915 2181 2961 ε
2240 2921 2272 2955 «
2318 2893 2550 2961 Genus
2590 2894 2777 2961 vasis
2818 2904 2936 2962 aut
2991 2915 3197 2962 men-

621 3000 793 3076 sura}
829 3009 1225 3077 distinctum
1263 3007 1348 3077 ab
1380 3008 1516 3076 olla
1545 3009 1843 3098 vulgari.
1892 3038 1924 3072 »
1974 3009 2171 3091 Quod
2214 3018 2445 3076 autem
2482 3009 2647 3078 Ollae
2693 3009 2979 3078 Vulcani
3007 3009 3196 3099 igni-

617 3128 801 3192 vomi
845 3134 1109 3202 montes
1147 3134 1507 3206 vocantur,
1552 3145 1693 3192 non
1731 3124 2124 3193 necessario
2159 3147 2295 3193 vox
2333 3147 2414 3191 ea
2451 3124 2627 3191 nihil
2672 3124 2856 3194 aliud
2886 3147 3189 3216 usquam

617 3252 837 3308 sonat.
885 3239 1244 3322 Quomodo
1274 3239 1485 3328 igitur
1523 3248 1793 3308 montes
1818 3239 1917 3307 illi
1950 3239 2034 3307 ab
2052 3240 2323 3307 Adamo
2348 3262 2605 3329 qraecus
2635 3240 2812 3330 iqnis
2828 3251 3181 3317 vocentur,

617 3364 681 3420 et
729 3356 813 3424 ad
853 3354 1094 3422 odarae
1127 3356 1381 3422 ostium
1421 3353 1869 3431 collocentur,
1915 3355 2070 3445 quis
2101 3355 2210 3422 vel
2243 3354 2715 3424 subtilissimis
2757 3341 3187 3445 argumentis

617 3468 1000 3556 intelligere
1061 3470 1333 3537 valeat?
1409 3469 1685 3552 Contra,
1753 3470 1937 3558 quod
1982 3492 2293 3559 graecum
2338 3471 2575 3559 ignem
2632 3471 2841 3539 ollam
2904 3471 3195 3540 Vulcani

621 3596 841 3664 vocet,
895 3593 960 3649 et
1001 3584 1324 3651 eumdem
1370 3605 1671 3674 graecum
1707 3584 1941 3672 ignem
1994 3585 2063 3652 in
2103 3585 2343 3653 Iumne
2382 3586 2682 3676 reperire
2717 3586 2827 3671 sit,
2872 3586 3025 3677 quis
3064 3586 3194 3655 mi-

621 3704 853 3764 retur?
881 3699 1112 3789 Neque
1135 3698 1414 3767 demum
1437 3698 1571 3767 alio
1598 3701 1805 3767 modo
1830 3700 2047 3768 Solini
2074 3700 2498 3768 mentionem
2523 3701 2974 3792 interpretare
3001 3701 3184 3769 licet.

713 3820 777 3880 3*
813 3814 1154 3898 Profecto,
1201 3814 1346 3883 sive
1386 3814 1704 3882 retuleris
1736 3815 1821 3882 de
1849 3839 1982 3906 quo
2028 3816 2115 3883 ad
2158 3816 2313 3884 Olla
2354 3816 2657 3899 Vulcani,
2705 3817 2847 3886 sive
2889 3817 2973 3886 ad
3015 3840 3191 3908 φνε-

625 3956 737 4000 aas
779 3931 978 4020 ignia,
1014 3930 1282 4000 nullam
1320 3931 1602 3999 omnino
1643 3953 1895 4000 vocum
1934 3931 2208 4000 illarum
2254 3931 2438 4023 apud
2477 3933 2790 4001 Solinum
2840 3933 3181 4002 invenies.

621 4048 793 4128 Qum
829 4047 1037 4145 igitur
1067 4046 1320 4116 Adami
1363 4047 1507 4116 loco
1554 4047 1781 4137 magis
1822 4068 2125 4116 consona
2178 4054 2342 4115 sunt.
2380 4048 2804 4138 quaesierunt
2839 4050 3180 4118 nonnulli.

625 4164 785 4252 [lap⁴
841 4164 924 4232 Ψ
995 4164 1272 4231 Solinus
1329 4173 1669 4232 memorat
1726 4161 2088 4232 Vulcanias
2150 4163 2441 4243 insulas,
2515 4164 2821 4248 Hieram,
2874 4165 3180 4234 AEtnam.

625 4280 753 4348 Vl*
789 4300 949 4345 vero
988 4279 1132 4346 haec
1171 4279 1401 4368 legere
1448 4287 1554 4348 est
1588 4301 1601 4346 :
1649 4307 1680 4342 «
1721 4279 1953 4358 Hiera,
2002 4301 2194 4345 sacra
2226 4277 2563 4362 VulcanO,
2601 4281 2772 4348 colle
2803 4281 2876 4348 in
2912 4304 2993 4349 eo
3025 4304 3186 4350 noc-

617 4404 861 4460 turnas
897 4404 1256 4461 evomente
1291 4395 1629 4463 flammaS.
1673 4423 1705 4458 »
1739 4394 1925 4461 Num
1964 4393 2173 4482 igitur
2212 4395 2393 4484 apud
2431 4394 2780 4464 Adamum
2809 4396 3187 4485 legendum

693 4616 733 4660 Ι,
765 4608 877 4660 Ado
921 4608 1267 4671 Viennensis,
1299 4608 1535 4659 Breviar.
1570 4609 1762 4659 Chr-on.
1789 4610 2037 4673 (Menum.
2064 4608 2258 4670 Germ„
2278 4610 2493 4672 Script.,
2521 4609 2586 4672 11,
2614 4623 2673 4673 p.
2712 4613 2841 4674 315).

689 4692 733 4736 Ξ.
769 4688 901 4737 nusi.
936 4689 1148 4748 Glaber,
1179 4689 1244 4750 Il,
1276 4693 1300 4740 7
1332 4689 1442 4753 (edo
1465 4690 1623 4752 Pron,
1656 4704 1708 4752 p.
1736 4691 1837 4747 39).

685 4772 733 4816 3.
757 4770 934 4832 Sigei).
962 4769 1254 4830 Gemblac„
1276 4769 1376 4818 loc.
1403 4771 1491 4819 cit.
1520 4769 1846 4833 (Scriptores,
1875 4770 1960 4832 vl,
1986 4784 2039 4834 p.
2061 4773 2189 4833 353).
