3609 5675
3203 2 3297 30 ’Ἶν“0

3325 5 3607 402 Ἴ,

629 703 1089 791 Lffsjgffsmrrff‘,
1125 705 1473 773 excitavit.
1504 705 1538 773 J
1547 714 1712 775 uxta
1745 705 2173 775 Giesebreclzt
2197 705 2240 781 ¹,
2273 704 2589 772 Adamus
2611 705 3009 775 Slavaniam
3035 710 3204 777 affa-

633 819 753 883 tim
801 819 1145 907 cognovit.
1217 828 1285 887 at
1341 843 1482 889 non
1524 821 1621 890 ita
1669 822 1991 890 codicum
2036 820 2301 902 scribae,
2356 820 2606 910 quibus
2648 822 2881 889 omnis
2930 825 3207 913 generis

633 935 893 1019 flagitia
937 935 1338 1023 exprobrat3
1383 936 1751 1004 Slavorum
1795 936 2018 1025 regio,
2061 935 2156 1003 ait
2195 935 2333 1017 ille,
2382 957 2423 1002 a
2467 936 2845 1004 defectione
2895 948 2963 1006 et
3000 962 3208 1029 nega-

637 1047 817 1115 tione
865 1051 1109 1115 Adami
1145 1051 1562 1140 temporibus
1611 1052 1933 1132 excitata,
1979 1051 2097 1119 diu
2137 1050 2421 1118 omnino
2450 1052 2686 1119 clausa
2728 1059 2795 1119 et
2835 1053 2982 1122 sine
3014 1078 3204 1122 com-

637 1167 905 1231 merciis
933 1191 1089 1231 cum
1129 1166 1524 1235 christianis
1582 1166 1908 1256 gentihus
1937 1167 2339 1258 permansit,
2377 1166 2473 1234 ita
2502 1176 2577 1233 ut
2626 1189 2894 1236 errores
2925 1169 3012 1236 ad
3059 1192 3216 1237 eam

637 1287 1041 1371 spectantffl,
1121 1304 1278 1349 eum
1340 1283 1555 1350 semel
1624 1282 1879 1350 fuerint
1933 1281 2333 1361 introducti,
2397 1303 2617 1371 neque
2679 1281 2910 1373 detegi
2982 1307 3213 1374 neque

637 1399 969 1463 removeri
1009 1396 1373 1487 potuerint.
1408 1397 1531 1464 Cui
1563 1397 1935 1487 respondet
1976 1396 2467 1488 Lappenb’er92
2490 1420 2617 1464 nos
2651 1397 2936 1465 minime
2970 1398 3211 1467 mirari

633 1511 877 1579 dehet-n
929 1515 1282 1579 Adamum
1320 1512 1404 1579 de
1449 1512 1670 1579 Stavis
1711 1512 1945 1579 minus
1984 1518 2167 1580 certa
2210 1511 2505 1596 tradere,
2564 1513 2682 1601 qui
2734 1514 3040 1580 nondum
3093 1517 3204 1581 vel

633 1627 1101 1691 recentissime
1153 1626 1508 1694 christiani
1562 1626 1719 1694 facti
1763 1636 2019 1710 essent,
2073 1632 2139 1693 et
2177 1647 2476 1716 quorum
2518 1625 2761 1716 lingua
2810 1628 3210 1697 Saxonibus

633 1763 873 1831 parum
925 1743 1182 1811 usitata
1245 1753 1451 1827 esset,
1509 1763 1720 1832 quam
1777 1742 1861 1809 de
1932 1741 2434 1822 ScandinaviiS,
2497 1739 2818 1832 quamvis
2891 1742 2939 1809 ii
2994 1744 3206 1834 longe

633 1859 1033 1923 remotiores
1073 1857 1349 1925 fuerint.
1400 1857 1611 1948 Atqui
1638 1857 1830 1925 addit
1859 1857 2146 1948 insuper
2175 1857 2623 1947 Lappenbery
2648 1858 2904 1926 Adami
2932 1881 3207 1927 coaevos

637 1995 773 2039 nun
813 1973 1097 2039 numina
1125 1983 1423 2052 tantum,
1455 1973 1573 2041 sed
1613 1971 1824 2041 etiam
1862 1972 2180 2062 gentium
2211 1972 2552 2040 Slavaniae
2590 1973 2788 2040 sedes
2827 1973 2925 2042 ita
2971 1996 3209 2064 perce-

633 2087 841 2175 pisse,
869 2099 941 2155 ut
969 2091 1153 2179 quod
1174 2089 1259 2157 ad
1279 2112 1396 2157 eos
1416 2088 1794 2180 pertineret
1831 2088 2071 2179 paucis
2105 2088 2426 2180 expedire
2457 2088 2772 2177 scriptori
2801 2090 2965 2157 satis
2994 2098 3200 2158 esset.

637 2203 825 2283 Quas
865 2203 1041 2271 inter
1085 2205 1444 2295 opiniones
1474 2227 1611 2272 non
1646 2204 2070 2271 cohaerentes
2116 2213 2181 2271 et
2223 2199 2792 2289 sibi'contrariaS,
2835 2228 3043 2272 unam
3082 2214 3210 2272 aut

637 2323 921 2387 alteram
953 2323 1251 2411 recipere
1282 2342 1565 2388 necesse
1597 2319 1893 2388 videtur.

729 2439 981 2503 Neuter
1053 2439 1329 2503 illorum
1395 2435 1825 2503 eruditorum
1886 2434 2198 2502 virorum
2254 2434 2422 2502 satis
2498 2434 2811 2503 notavit³
2875 2433 2944 2501 id
3020 2435 3210 2525 quod
3605 2431 3606 2495 l

637 2551 917 2619 maximi
941 2552 1271 2619 momenti
1290 2550 1364 2617 in
1385 2550 1857 2619 controversia
1874 2572 2025 2618 esse
2041 2548 2265 2633 debet,
2288 2549 2544 2617 scilicet
2558 2549 2897 2618 Slavaniae
2915 2550 3215 2640 descrip-

641 2667 901 2735 tionem
949 2667 1129 2755 apud
1166 2675 1482 2733 nostrum
1523 2665 1791 2733 duabus
1828 2673 2143 2733 constare
2185 2664 2519 2755 partibuS,
2572 2688 2710 2732 una
2747 2666 2941 2749 citra,
2994 2666 3214 2733 altera

637 2791 821 2847 trans
877 2783 1125 2847 Panim
1174 2781 1490 2849 fluvium.
1540 2780 1853 2849 Adamus
1902 2802 2064 2849 vero
2109 2779 2260 2870 (III,
2327 2781 2435 2871 18)
2493 2780 2889 2848 Slavaniam
2942 2782 3217 2849 citerio-

633 2923 794 2980 rem,
861 2919 981 2963 seu
1049 2899 1411 2964 &lavor-um
1459 2897 1817 2987 regionem
1874 2897 1959 2963 ad
1999 2895 2716 2985 Hammaburgensem
2771 2897 3211 2988 parrochiam

633 3015 1105 3104 pertinentem,
1125 3013 1461 3081 Slavaniae
1477 3012 1789 3079 ulteriori
1801 3011 2359 3079 dilucidisverbis
2374 3012 2790 3102 opponit.De
2808 3012 3215 3102 regionibus
3603 3095 3604 3111 χ

633 3132 801 3196 citra
833 3132 1073 3196 Panim
1109 3129 1327 3196 fusius
1367 3127 1730 3211 disseruit3
1761 3127 1942 3195 ultra
1971 3127 2264 3195 fluvium
2294 3127 2491 3193 illum
2534 3150 2570 3194 e
2606 3128 2949 3195 contrario
2989 3150 3212 3219 pauca
3603 3119 3604 3199 ἦ

633 3268 849 3336 eaque
893 3244 1290 3312 obscuriora
1339 3241 1665 3313 tradidit„
1697 3242 1872 3310 Cum
1920 3241 2005 3308 de
2059 3241 2464 3331 regionibus
2523 3243 2610 3309 ad
2652 3243 3210 3333 Magdeburgum

633 3360 1097 3452 spectantibus
1125 3358 1348 3425 adhuc
1378 3356 1546 3425 satis
1577 3358 1794 3425 multa
1817 3357 2104 3441 noverit,
2133 3357 2215 3424 de
2241 3357 2327 3424 iis
2355 3380 2505 3446 quae
2529 3379 2569 3424 a
2598 3357 2947 3426 Rethariis
2972 3360 3206 3426 oriun—

637 3484 745 3544 tur
795 3476 973 3540 haud
1017 3476 1113 3540 ita
1165 3482 1392 3541 certus
1434 3481 1538 3540 est
1577 3473 1728 3562 (III,
1787 3473 1939 3562 21);
1985 3473 2165 3539 ultra
2204 3472 2554 3541 Oddaram
2602 3479 2837 3541 autem
2879 3474 3204 3542 notiones

633 3592 785 3680 ejus
833 3592 1178 3680 ambiguae
1233 3587 1513 3656 omnino
1563 3589 1757 3671 fiunt,
1809 3597 1883 3655 ut
1943 3587 2175 3655 videre
2223 3596 2327 3655 est
2370 3611 2405 3655 e
2447 3588 2677 3656 verbis
2728 3588 3198 3678 comper-imm,

633 3708 893 3792 strenus,
953 3704 1201 3796 quihus
1261 3703 1504 3772 utitur.
1584 3704 1838 3770 Brema
1903 3725 2062 3817 cum
2132 3705 2367 3770 Iumne
2442 3703 2724 3792 quidem
2782 3704 3206 3772 commercia

633 3830 945 3904 exarcum
989 3824 1077 3888 ad
1117 3818 1519 3913 ostrogard,
1539 3841 1703 3886 vero
1735 3817 1866 3886 soli
1904 3817 2269 3923 pervenire
2301 3818 2621 3886 dicuntur
2659 3819 2841 3886 Dani
2878 3819 3026 3906 (IV,
3061 3820 3195 3909 11).

633 3940 953 4008 [letarum
997 3936 1301 4004 Adamas
1333 3957 1467 4002 non
1508 3935 1719 4002 modo
1757 3934 1840 4002 de
1880 3932 2220 4001 Slavaniae
2260 3934 2587 4024 pauciora
2627 3957 2843 4024 quam
2869 3935 2951 4001 de
2983 3935 3203 4002 Scan-

629 4056 913 4120 dinariffl
953 4052 1271 4140 gent-ibus
1313 4049 1671 4139 comperit,
1707 4071 1955 4116 verum
1993 4048 2204 4117 etiam
2243 4048 2326 4116 de
2365 4048 2502 4115 illis
2541 4049 2813 4116 locutus
2852 4049 3196 4116 minorem

625 4192 857 4236 numm
905 4192 985 4236 aa
1029 4172 1109 4236 de
1171 4190 1380 4236 causa
1430 4165 1767 4247 adhibuit,
1828 4164 2007 4254 quod
2061 4164 2142 4232 ad
2199 4166 2349 4254 ejus
2402 4163 2767 4231 materiem
2808 4187 2942 4232 non
2990 4165 3199 4254 perti-

629 4292 889 4352 nerent.

721 4400 949 4466 Prima
985 4400 1206 4488 speeie
1248 4397 1501 4465 Adami
1530 4396 1901 4464 auctoritas
1934 4418 2016 4462 ex
2043 4394 2390 4462 Helmoldi
2418 4394 2816 4462 testimonio
2851 4395 3192 4485 explorari

1755 557 2074 616 ...54-

3603 925 3606 933 ,
3596 668 3606 843 r—-ssss-
3597 490 3606 631 ῌ-ιᾼ
3604 428 3606 451 Α

697 4616 737 4660 1.
765 4612 841 4660 uf,
877 4610 1240 4671 ffiffinhrecht,
1270 4607 1764 4669 Nordlandskunde,
1787 4620 1841 4670 p.
1873 4608 2096 4667 151-166,
2126 4610 2181 4657 et
2202 4604 2460 4656 Ballische
2486 4605 2725 4666 Studien,
2752 4608 2793 4655 t.
2828 4605 2914 4668 VI,
2937 4619 2990 4669 p.
3018 4609 3122 4657 19⁶2.

693 4696 737 4740 2.
765 4692 1137 4756 Lappenherg.
1166 4689 1377 4749 Archiv,
1410 4692 1450 4739 t.
1476 4688 1561 4749 vl,
1592 4703 1646 4752 p.
1677 4689 1788 4738 864.

693 4776 737 4820 3.
773 4772 1137 4832 Giesehrecht‚
1169 4767 1672 4832 Nordlandsleunde‚
1708 4781 1761 4832 p.
1798 4769 1904 4817 188.
