<?xml version="1.0" encoding="UTF-8"?>
<!DOCTYPE html PUBLIC "-//W3C//DTD XHTML 1.0 Transitional//EN"
    "http://www.w3.org/TR/xhtml1/DTD/xhtml1-transitional.dtd">
<html xmlns="http://www.w3.org/1999/xhtml" xml:lang="en" lang="en">
 <head>
  <title>
</title>
<meta http-equiv="Content-Type" content="text/html;charset=utf-8" />
  <meta name='ocr-system' content='tesseract 3.04.00' />
  <meta name='ocr-capabilities' content='ocr_page ocr_carea ocr_par ocr_line ocrx_word'/>
</head>
<body>
  <div class='ocr_page' id='page_1' title='image "./deadamobremensi00berngoog_0097.png"; bbox 0 0 3609 5675; ppageno 0'>
   <div class='ocr_carea' id='block_1_1' title="bbox 22 0 625 446">
    <p class='ocr_par' dir='ltr' id='par_1_1' title="bbox 22 0 625 446">
     <span class='ocr_line' id='line_1_1' title="bbox 390 0 590 14; baseline 0 0"><span class='ocrx_word' id='word_1_1' title='bbox 390 0 502 14; x_wconf 55' lang='lat' dir='ltr'>T‘u‘m*</span> <span class='ocrx_word' id='word_1_2' title='bbox 515 0 524 3; x_wconf 92' lang='grc'><em>“</em></span> <span class='ocrx_word' id='word_1_3' title='bbox 541 0 548 3; x_wconf 61' lang='lat'><em>*</em></span> <span class='ocrx_word' id='word_1_4' title='bbox 569 0 590 3; x_wconf 66' lang='lat'>⁷¹</span> 
     </span>
     <span class='ocr_line' id='line_1_2' title="bbox 198 25 625 54; baseline 0.005 -16"><span class='ocrx_word' id='word_1_5' title='bbox 198 29 207 38; x_wconf 82' lang='grc' dir='ltr'>ι</span> <span class='ocrx_word' id='word_1_6' title='bbox 234 25 245 40; x_wconf 84' lang='grc' dir='ltr'>Ι</span> <span class='ocrx_word' id='word_1_7' title='bbox 366 45 373 54; x_wconf 54' lang='grc' dir='ltr'>ι.</span> <span class='ocrx_word' id='word_1_8' title='bbox 606 41 625 48; x_wconf 55' lang='grc' dir='ltr'><strong>μ</strong></span> 
     </span>
     <span class='ocr_line' id='line_1_3' title="bbox 378 109 387 118; baseline 0 0"><span class='ocrx_word' id='word_1_9' title='bbox 378 109 387 118; x_wconf 72' lang='grc' dir='ltr'>ι.</span> 
     </span>
     <span class='ocr_line' id='line_1_4' title="bbox 22 391 27 400; baseline 0 0"><span class='ocrx_word' id='word_1_10' title='bbox 22 391 27 400; x_wconf 62' lang='grc' dir='ltr'>ι</span> 
     </span>
     <span class='ocr_line' id='line_1_5' title="bbox 22 437 25 446; baseline 0 0"><span class='ocrx_word' id='word_1_11' title='bbox 22 437 25 446; x_wconf 69' lang='grc' dir='ltr'>ι</span> 
     </span>
    </p>
   </div>
   <div class='ocr_carea' id='block_1_2' title="bbox 1523 562 1841 621">
    <p class='ocr_par' dir='ltr' id='par_1_2' title="bbox 1523 562 1841 621">
     <span class='ocr_line' id='line_1_6' title="bbox 1523 562 1841 621; baseline 0 -16"><span class='ocrx_word' id='word_1_12' title='bbox 1523 562 1841 621; x_wconf 66' lang='grc'>-81-</span> 
     </span>
    </p>
   </div>
   <div class='ocr_carea' id='block_1_3' title="bbox 388 683 3017 3229">
    <p class='ocr_par' dir='ltr' id='par_1_3' title="bbox 390 683 2961 1360">
     <span class='ocr_line' id='line_1_7' title="bbox 390 683 2961 807; baseline 0 -24"><span class='ocrx_word' id='word_1_13' title='bbox 390 716 578 783; x_wconf 88' lang='lat' dir='ltr'>enim</span> <span class='ocrx_word' id='word_1_14' title='bbox 608 724 767 783; x_wconf 87' lang='lat' dir='ltr'>sunt</span> <span class='ocrx_word' id='word_1_15' title='bbox 809 742 870 797; x_wconf 86' lang='lat'>»,</span> <span class='ocrx_word' id='word_1_16' title='bbox 909 714 1116 781; x_wconf 82' lang='lat' dir='ltr'>distat</span> <span class='ocrx_word' id='word_1_17' title='bbox 1153 735 1193 780; x_wconf 98' lang='lat' dir='ltr'>a</span> <span class='ocrx_word' id='word_1_18' title='bbox 1231 713 1504 796; x_wconf 88' lang='lat' dir='ltr'>Sconia,</span> <span class='ocrx_word' id='word_1_19' title='bbox 1552 736 1803 806; x_wconf 91' lang='lat' dir='ltr'>nempe</span> <span class='ocrx_word' id='word_1_20' title='bbox 1833 714 2136 807; x_wconf 89' lang='lat' dir='ltr'>quinque</span> <span class='ocrx_word' id='word_1_21' title='bbox 2173 714 2415 782; x_wconf 91' lang='lat' dir='ltr'>diebus</span> <span class='ocrx_word' id='word_1_22' title='bbox 2454 683 2961 804; x_wconf 77' lang='lat' dir='ltr'>navigationis;¹</span> 
     </span>
     <span class='ocr_line' id='line_1_8' title="bbox 390 829 2953 922; baseline 0 -24"><span class='ocrx_word' id='word_1_23' title='bbox 390 832 450 899; x_wconf 90' lang='lat' dir='ltr'>si</span> <span class='ocrx_word' id='word_1_24' title='bbox 484 854 650 899; x_wconf 87' lang='lat' dir='ltr'>vero</span> <span class='ocrx_word' id='word_1_25' title='bbox 700 853 822 922; x_wconf 92' lang='lat' dir='ltr'>per</span> <span class='ocrx_word' id='word_1_26' title='bbox 871 838 1122 897; x_wconf 87' lang='lat' dir='ltr'>terram</span> <span class='ocrx_word' id='word_1_27' title='bbox 1160 830 1289 895; x_wconf 89' lang='lat' dir='ltr'>iter</span> <span class='ocrx_word' id='word_1_28' title='bbox 1322 838 1591 919; x_wconf 79' lang='lat' dir='ltr'>agatur,</span> <span class='ocrx_word' id='word_1_29' title='bbox 1652 852 1773 921; x_wconf 89' lang='lat' dir='ltr'>per</span> <span class='ocrx_word' id='word_1_30' title='bbox 1809 829 2206 912; x_wconf 90' lang='lat' dir='ltr'>Scaranem,</span> <span class='ocrx_word' id='word_1_31' title='bbox 2267 829 2515 919; x_wconf 88' lang='lat' dir='ltr'>Telgas</span> <span class='ocrx_word' id='word_1_32' title='bbox 2547 840 2613 897; x_wconf 89' lang='lat' dir='ltr'>et</span> <span class='ocrx_word' id='word_1_33' title='bbox 2652 831 2953 914; x_wconf 88' lang='lat' dir='ltr'>Bircam,</span> 
     </span>
     <span class='ocr_line' id='line_1_9' title="bbox 391 944 2960 1037; baseline -0 -23"><span class='ocrx_word' id='word_1_34' title='bbox 391 947 733 1037; x_wconf 86' lang='lat' dir='ltr'>completo</span> <span class='ocrx_word' id='word_1_35' title='bbox 772 968 1012 1012; x_wconf 90' lang='lat' dir='ltr'>mense</span> <span class='ocrx_word' id='word_1_36' title='bbox 1053 944 1140 1011; x_wconf 88' lang='lat' dir='ltr'>ad</span> <span class='ocrx_word' id='word_1_37' title='bbox 1173 945 1523 1012; x_wconf 87' lang='lat' dir='ltr'>Sictonam</span> <span class='ocrx_word' id='word_1_38' title='bbox 1555 946 1950 1035; x_wconf 87' lang='lat' dir='ltr'>pervenitur</span> <span class='ocrx_word' id='word_1_39' title='bbox 1982 946 2124 1036; x_wconf 91' lang='lat' dir='ltr'>(IV,</span> <span class='ocrx_word' id='word_1_40' title='bbox 2175 944 2309 1035; x_wconf 76' lang='lat'><strong>28).</strong></span> <span class='ocrx_word' id='word_1_41' title='bbox 2354 946 2687 1015; x_wconf 86' lang='lat' dir='ltr'>Ubsolam</span> <span class='ocrx_word' id='word_1_42' title='bbox 2730 955 2960 1014; x_wconf 89' lang='lat' dir='ltr'>autem</span> 
     </span>
     <span class='ocr_line' id='line_1_10' title="bbox 392 1058 2960 1152; baseline -0 -23"><span class='ocrx_word' id='word_1_43' title='bbox 392 1061 835 1152; x_wconf 81' lang='lat' dir='ltr'>geographus</span> <span class='ocrx_word' id='word_1_44' title='bbox 888 1069 1121 1127; x_wconf 89' lang='lat' dir='ltr'>noster</span> <span class='ocrx_word' id='word_1_45' title='bbox 1158 1060 1462 1150; x_wconf 86' lang='lat' dir='ltr'>quodam</span> <span class='ocrx_word' id='word_1_46' title='bbox 1527 1058 1681 1127; x_wconf 93' lang='lat' dir='ltr'>loco</span> <span class='ocrx_word' id='word_1_47' title='bbox 1722 1088 1755 1123; x_wconf 93' lang='lat'>«</span> <span class='ocrx_word' id='word_1_48' title='bbox 1819 1084 1859 1128; x_wconf 83' lang='lat' dir='ltr'>a</span> <span class='ocrx_word' id='word_1_49' title='bbox 1920 1060 2202 1129; x_wconf 85' lang='lat' dir='ltr'>Sictona</span> <span class='ocrx_word' id='word_1_50' title='bbox 2248 1060 2492 1128; x_wconf 92' lang='lat' dir='ltr'>itinere</span> <span class='ocrx_word' id='word_1_51' title='bbox 2552 1060 2687 1127; x_wconf 90' lang='lat' dir='ltr'>diei</span> <span class='ocrx_word' id='word_1_52' title='bbox 2751 1061 2960 1128; x_wconf 90' lang='lat' dir='ltr'>unius</span> 
     </span>
     <span class='ocr_line' id='line_1_11' title="bbox 393 1173 2959 1265; baseline 0 -21"><span class='ocrx_word' id='word_1_53' title='bbox 393 1177 540 1265; x_wconf 89' lang='lat' dir='ltr'>(IV,</span> <span class='ocrx_word' id='word_1_54' title='bbox 577 1177 694 1265; x_wconf 84' lang='lat'>28)</span> <span class='ocrx_word' id='word_1_55' title='bbox 734 1176 1110 1243; x_wconf 86' lang='lat' dir='ltr'>distantem</span> <span class='ocrx_word' id='word_1_56' title='bbox 1145 1203 1176 1237; x_wconf 93' lang='lat'>»</span> <span class='ocrx_word' id='word_1_57' title='bbox 1221 1173 1405 1257; x_wconf 90' lang='lat' dir='ltr'>dicit,</span> <span class='ocrx_word' id='word_1_58' title='bbox 1452 1174 1588 1243; x_wconf 88' lang='lat' dir='ltr'>alio</span> <span class='ocrx_word' id='word_1_59' title='bbox 1628 1176 1780 1243; x_wconf 90' lang='lat' dir='ltr'>loco</span> <span class='ocrx_word' id='word_1_60' title='bbox 1818 1176 1965 1265; x_wconf 89' lang='lat' dir='ltr'>(IV,</span> <span class='ocrx_word' id='word_1_61' title='bbox 2017 1176 2157 1263; x_wconf 80' lang='lat'>26),</span> <span class='ocrx_word' id='word_1_62' title='bbox 2230 1203 2263 1238; x_wconf 91' lang='lat'>«</span> <span class='ocrx_word' id='word_1_63' title='bbox 2300 1198 2440 1243; x_wconf 91' lang='lat' dir='ltr'>non</span> <span class='ocrx_word' id='word_1_64' title='bbox 2491 1177 2697 1264; x_wconf 92' lang='lat' dir='ltr'>longe</span> <span class='ocrx_word' id='word_1_65' title='bbox 2755 1176 2838 1244; x_wconf 86' lang='lat' dir='ltr'>ab</span> <span class='ocrx_word' id='word_1_66' title='bbox 2880 1199 2959 1244; x_wconf 91' lang='lat' dir='ltr'>ea</span> 
     </span>
     <span class='ocr_line' id='line_1_12' title="bbox 395 1291 863 1360; baseline -0.002 -2"><span class='ocrx_word' id='word_1_67' title='bbox 395 1291 769 1360; x_wconf 87' lang='lat' dir='ltr'>distantem</span> <span class='ocrx_word' id='word_1_68' title='bbox 803 1318 863 1357; x_wconf 81' lang='lat'>».</span> 
     </span>
    </p>

    <p class='ocr_par' dir='ltr' id='par_1_4' title="bbox 391 1405 3017 2302">
     <span class='ocr_line' id='line_1_13' title="bbox 486 1405 2959 1496; baseline -0.001 -21"><span class='ocrx_word' id='word_1_69' title='bbox 486 1406 686 1475; x_wconf 93' lang='lat' dir='ltr'>Birca</span> <span class='ocrx_word' id='word_1_70' title='bbox 719 1412 788 1473; x_wconf 93' lang='lat' dir='ltr'>et</span> <span class='ocrx_word' id='word_1_71' title='bbox 825 1405 1103 1473; x_wconf 86' lang='lat' dir='ltr'>Sictona</span> <span class='ocrx_word' id='word_1_72' title='bbox 1146 1405 1459 1474; x_wconf 85' lang='lat' dir='ltr'>civitates</span> <span class='ocrx_word' id='word_1_73' title='bbox 1496 1415 1690 1473; x_wconf 83' lang='lat' dir='ltr'>erant</span> <span class='ocrx_word' id='word_1_74' title='bbox 1719 1405 2171 1496; x_wconf 82' lang='lat' dir='ltr'>negotiationi</span> <span class='ocrx_word' id='word_1_75' title='bbox 2201 1406 2471 1489; x_wconf 81' lang='lat' dir='ltr'>deditae,</span> <span class='ocrx_word' id='word_1_76' title='bbox 2509 1407 2766 1477; x_wconf 90' lang='lat' dir='ltr'>Ubsola</span> <span class='ocrx_word' id='word_1_77' title='bbox 2794 1429 2959 1475; x_wconf 88' lang='lat' dir='ltr'>vero</span> 
     </span>
     <span class='ocr_line' id='line_1_14' title="bbox 391 1505 2963 1612; baseline -0 -21"><span class='ocrx_word' id='word_1_78' title='bbox 391 1522 638 1591; x_wconf 90' lang='lat' dir='ltr'>civitas</span> <span class='ocrx_word' id='word_1_79' title='bbox 695 1527 930 1589; x_wconf 88' lang='lat' dir='ltr'>sancta</span> <span class='ocrx_word' id='word_1_80' title='bbox 968 1505 1472 1612; x_wconf 46' lang='lat' dir='ltr'>reputabatur&amp;</span> <span class='ocrx_word' id='word_1_81' title='bbox 1519 1523 1620 1590; x_wconf 91' lang='lat' dir='ltr'>De</span> <span class='ocrx_word' id='word_1_82' title='bbox 1662 1545 1956 1612; x_wconf 83' lang='lat' dir='ltr'>quarum</span> <span class='ocrx_word' id='word_1_83' title='bbox 1996 1522 2130 1589; x_wconf 87' lang='lat' dir='ltr'>situ</span> <span class='ocrx_word' id='word_1_84' title='bbox 2173 1522 2491 1612; x_wconf 74' lang='lat' dir='ltr'>plurimae</span> <span class='ocrx_word' id='word_1_85' title='bbox 2533 1532 2689 1589; x_wconf 88' lang='lat' dir='ltr'>sunt</span> <span class='ocrx_word' id='word_1_86' title='bbox 2735 1523 2963 1590; x_wconf 90' lang='lat' dir='ltr'>erudi-</span> 
     </span>
     <span class='ocr_line' id='line_1_15' title="bbox 391 1636 2957 1728; baseline -0.001 -22"><span class='ocrx_word' id='word_1_87' title='bbox 391 1648 620 1706; x_wconf 87' lang='lat' dir='ltr'>torum</span> <span class='ocrx_word' id='word_1_88' title='bbox 658 1636 1160 1705; x_wconf 78' lang='lat' dir='ltr'>contentiones.</span> <span class='ocrx_word' id='word_1_89' title='bbox 1215 1637 1548 1704; x_wconf 88' lang='lat' dir='ltr'>Nonnulli</span> <span class='ocrx_word' id='word_1_90' title='bbox 1602 1660 1684 1704; x_wconf 85' lang='lat' dir='ltr'>ea</span> <span class='ocrx_word' id='word_1_91' title='bbox 1715 1637 1800 1704; x_wconf 89' lang='lat' dir='ltr'>de</span> <span class='ocrx_word' id='word_1_92' title='bbox 1858 1660 1930 1704; x_wconf 91' lang='lat' dir='ltr'>re</span> <span class='ocrx_word' id='word_1_93' title='bbox 1983 1659 2248 1704; x_wconf 89' lang='lat' dir='ltr'>errores</span> <span class='ocrx_word' id='word_1_94' title='bbox 2290 1638 2678 1728; x_wconf 85' lang='lat' dir='ltr'>potuissent</span> <span class='ocrx_word' id='word_1_95' title='bbox 2727 1638 2957 1721; x_wconf 86' lang='lat' dir='ltr'>vitari,</span> 
     </span>
     <span class='ocr_line' id='line_1_16' title="bbox 394 1752 2962 1843; baseline 0 -23"><span class='ocrx_word' id='word_1_96' title='bbox 394 1753 770 1821; x_wconf 90' lang='lat' dir='ltr'>dummodo</span> <span class='ocrx_word' id='word_1_97' title='bbox 804 1753 1078 1843; x_wconf 87' lang='lat' dir='ltr'>qualem</span> <span class='ocrx_word' id='word_1_98' title='bbox 1112 1752 1361 1820; x_wconf 86' lang='lat' dir='ltr'>Baltici</span> <span class='ocrx_word' id='word_1_99' title='bbox 1385 1752 1597 1822; x_wconf 90' lang='lat' dir='ltr'>maris</span> <span class='ocrx_word' id='word_1_100' title='bbox 1634 1754 1931 1841; x_wconf 90' lang='lat' dir='ltr'>figuram</span> <span class='ocrx_word' id='word_1_101' title='bbox 1960 1752 2349 1842; x_wconf 88' lang='lat' dir='ltr'>littorisque</span> <span class='ocrx_word' id='word_1_102' title='bbox 2373 1753 2643 1821; x_wconf 83' lang='lat' dir='ltr'>Suediae</span> <span class='ocrx_word' id='word_1_103' title='bbox 2676 1754 2962 1821; x_wconf 89' lang='lat' dir='ltr'>ductum</span> 
     </span>
     <span class='ocr_line' id='line_1_17' title="bbox 391 1861 2957 1958; baseline 0 -22"><span class='ocrx_word' id='word_1_104' title='bbox 391 1868 695 1937; x_wconf 87' lang='lat' dir='ltr'>Adamus</span> <span class='ocrx_word' id='word_1_105' title='bbox 764 1868 895 1935; x_wconf 91' lang='lat' dir='ltr'>sibi</span> <span class='ocrx_word' id='word_1_106' title='bbox 965 1867 1237 1934; x_wconf 83' lang='lat' dir='ltr'>finxerit</span> <span class='ocrx_word' id='word_1_107' title='bbox 1319 1867 1565 1934; x_wconf 88' lang='lat' dir='ltr'>eruditi</span> <span class='ocrx_word' id='word_1_108' title='bbox 1632 1868 1826 1958; x_wconf 92' lang='lat' dir='ltr'>prius</span> <span class='ocrx_word' id='word_1_109' title='bbox 1896 1868 2243 1936; x_wconf 80' lang='lat' dir='ltr'>cavissent</span> <span class='ocrx_word' id='word_1_110' title='bbox 2258 1870 2304 1936; x_wconf 75' lang='lat'>².</span> <span class='ocrx_word' id='word_1_111' title='bbox 2388 1861 2681 1935; x_wconf 80' lang='lat' dir='ltr'>Sictonae</span> <span class='ocrx_word' id='word_1_112' title='bbox 2760 1867 2957 1950; x_wconf 83' lang='lat' dir='ltr'>situS,</span> 
     </span>
     <span class='ocr_line' id='line_1_18' title="bbox 397 1982 2963 2076; baseline -0 -25"><span class='ocrx_word' id='word_1_113' title='bbox 397 1987 596 2076; x_wconf 87' lang='lat' dir='ltr'>cujus</span> <span class='ocrx_word' id='word_1_114' title='bbox 623 2006 875 2051; x_wconf 91' lang='lat' dir='ltr'>nomen</span> <span class='ocrx_word' id='word_1_115' title='bbox 899 1982 1104 2049; x_wconf 89' lang='lat' dir='ltr'>hodie</span> <span class='ocrx_word' id='word_1_116' title='bbox 1128 1982 1338 2050; x_wconf 89' lang='lat' dir='ltr'>etiam</span> <span class='ocrx_word' id='word_1_117' title='bbox 1362 1990 1644 2073; x_wconf 88' lang='lat' dir='ltr'>perstat,</span> <span class='ocrx_word' id='word_1_118' title='bbox 1667 1983 2012 2051; x_wconf 86' lang='lat' dir='ltr'>auxilium</span> <span class='ocrx_word' id='word_1_119' title='bbox 2034 1983 2395 2051; x_wconf 85' lang='lat' dir='ltr'>confertad</span> <span class='ocrx_word' id='word_1_120' title='bbox 2416 1983 2963 2073; x_wconf 87' lang='lat' dir='ltr'>dignoscendum</span> 
     </span>
     <span class='ocr_line' id='line_1_19' title="bbox 395 2097 2963 2188; baseline 0 -22"><span class='ocrx_word' id='word_1_121' title='bbox 395 2099 681 2167; x_wconf 88' lang='lat' dir='ltr'>ubinam</span> <span class='ocrx_word' id='word_1_122' title='bbox 736 2099 946 2166; x_wconf 87' lang='lat' dir='ltr'>fuerit</span> <span class='ocrx_word' id='word_1_123' title='bbox 980 2098 1207 2181; x_wconf 77' lang='lat' dir='ltr'>Bima,</span> <span class='ocrx_word' id='word_1_124' title='bbox 1260 2121 1413 2187; x_wconf 83' lang='lat' dir='ltr'>quae</span> <span class='ocrx_word' id='word_1_125' title='bbox 1473 2097 1560 2165; x_wconf 90' lang='lat' dir='ltr'>ad</span> <span class='ocrx_word' id='word_1_126' title='bbox 1611 2107 1950 2183; x_wconf 88' lang='lat' dir='ltr'>austrum,</span> <span class='ocrx_word' id='word_1_127' title='bbox 1993 2121 2135 2166; x_wconf 93' lang='lat' dir='ltr'>non</span> <span class='ocrx_word' id='word_1_128' title='bbox 2172 2100 2377 2188; x_wconf 88' lang='lat' dir='ltr'>longo</span> <span class='ocrx_word' id='word_1_129' title='bbox 2438 2121 2602 2188; x_wconf 89' lang='lat' dir='ltr'>ergo</span> <span class='ocrx_word' id='word_1_130' title='bbox 2666 2099 2752 2166; x_wconf 86' lang='lat' dir='ltr'>ab</span> <span class='ocrx_word' id='word_1_131' title='bbox 2795 2099 2963 2167; x_wconf 92' lang='lat' dir='ltr'>urbe</span> 
     </span>
     <span class='ocr_line' id='line_1_20' title="bbox 398 2208 3017 2302; baseline 0 -22"><span class='ocrx_word' id='word_1_132' title='bbox 398 2213 600 2282; x_wconf 92' lang='lat' dir='ltr'>nobis</span> <span class='ocrx_word' id='word_1_133' title='bbox 635 2212 1023 2281; x_wconf 72' lang='lat' dir='ltr'>Stoclclzolm</span> <span class='ocrx_word' id='word_1_134' title='bbox 1063 2212 1244 2280; x_wconf 88' lang='lat' dir='ltr'>dicta</span> <span class='ocrx_word' id='word_1_135' title='bbox 1285 2211 1655 2302; x_wconf 67' lang='lat' dir='ltr'>quaerenda</span> <span class='ocrx_word' id='word_1_136' title='bbox 1697 2215 1864 2280; x_wconf 78' lang='lat' dir='ltr'>est³.</span> <span class='ocrx_word' id='word_1_137' title='bbox 3014 2208 3017 2212; x_wconf 59' lang='grc'><em>’</em></span> 
     </span>
    </p>

    <p class='ocr_par' dir='ltr' id='par_1_5' title="bbox 388 2327 2967 3229">
     <span class='ocr_line' id='line_1_21' title="bbox 494 2327 2957 2417; baseline 0.001 -27"><span class='ocrx_word' id='word_1_138' title='bbox 494 2357 526 2390; x_wconf 88' lang='lat'>«</span> <span class='ocrx_word' id='word_1_139' title='bbox 560 2331 743 2396; x_wconf 89' lang='lat' dir='ltr'>Inter</span> <span class='ocrx_word' id='word_1_140' title='bbox 773 2328 1318 2396; x_wconf 88' lang='lat' dir='ltr'>Nordmanniam</span> <span class='ocrx_word' id='word_1_141' title='bbox 1344 2335 1410 2402; x_wconf 81' lang='lat' dir='ltr'>et</span> <span class='ocrx_word' id='word_1_142' title='bbox 1431 2327 1804 2396; x_wconf 84' lang='lat' dir='ltr'>Sueoniam</span> <span class='ocrx_word' id='word_1_143' title='bbox 1819 2328 2238 2396; x_wconf 88' lang='lat' dir='ltr'>Wermilani</span> <span class='ocrx_word' id='word_1_144' title='bbox 2270 2336 2336 2395; x_wconf 84' lang='lat' dir='ltr'>et</span> <span class='ocrx_word' id='word_1_145' title='bbox 2364 2329 2654 2395; x_wconf 89' lang='lat' dir='ltr'>Finnedi</span> <span class='ocrx_word' id='word_1_146' title='bbox 2675 2329 2957 2417; x_wconf 82' lang='lat' dir='ltr'>degunt,</span> 
     </span>
     <span class='ocr_line' id='line_1_22' title="bbox 398 2443 2959 2534; baseline 0 -22"><span class='ocrx_word' id='word_1_147' title='bbox 398 2443 757 2512; x_wconf 87' lang='lat' dir='ltr'>christiani</span> <span class='ocrx_word' id='word_1_148' title='bbox 776 2467 1041 2527; x_wconf 82' lang='lat' dir='ltr'>omneS,</span> <span class='ocrx_word' id='word_1_149' title='bbox 1062 2445 1177 2534; x_wconf 88' lang='lat' dir='ltr'>qui</span> <span class='ocrx_word' id='word_1_150' title='bbox 1205 2444 1290 2511; x_wconf 88' lang='lat' dir='ltr'>ad</span> <span class='ocrx_word' id='word_1_151' title='bbox 1310 2444 1811 2512; x_wconf 86' lang='lat' dir='ltr'>Scaranensem</span> <span class='ocrx_word' id='word_1_152' title='bbox 1823 2444 2200 2534; x_wconf 87' lang='lat' dir='ltr'>respiciunt</span> <span class='ocrx_word' id='word_1_153' title='bbox 2219 2444 2583 2512; x_wconf 83' lang='lat' dir='ltr'>ecclesiam</span> <span class='ocrx_word' id='word_1_154' title='bbox 2605 2472 2637 2507; x_wconf 85' lang='lat'>»</span> <span class='ocrx_word' id='word_1_155' title='bbox 2665 2446 2803 2534; x_wconf 88' lang='lat' dir='ltr'>(IV,</span> <span class='ocrx_word' id='word_1_156' title='bbox 2822 2446 2959 2534; x_wconf 75' lang='lat'><strong>24).</strong></span> 
     </span>
     <span class='ocr_line' id='line_1_23' title="bbox 395 2558 2967 2649; baseline 0 -23"><span class='ocrx_word' id='word_1_157' title='bbox 395 2559 834 2643; x_wconf 77' lang='lat' dir='ltr'>wermilani,</span> <span class='ocrx_word' id='word_1_158' title='bbox 861 2581 1034 2649; x_wconf 90' lang='lat' dir='ltr'>quos</span> <span class='ocrx_word' id='word_1_159' title='bbox 1059 2559 1238 2627; x_wconf 83' lang='lat' dir='ltr'>Saxo</span> <span class='ocrx_word' id='word_1_160' title='bbox 1262 2560 1283 2594; x_wconf 68' lang='lat'>&#39;⁶</span> <span class='ocrx_word' id='word_1_161' title='bbox 1322 2558 1579 2628; x_wconf 81' lang='lat' dir='ltr'>Wermz&#39;</span> <span class='ocrx_word' id='word_1_162' title='bbox 1604 2568 1829 2642; x_wconf 88' lang='lat' dir='ltr'>vocat,</span> <span class='ocrx_word' id='word_1_163' title='bbox 1856 2558 2099 2627; x_wconf 82' lang='lat' dir='ltr'>incolae</span> <span class='ocrx_word' id='word_1_164' title='bbox 2135 2568 2298 2627; x_wconf 85' lang='lat' dir='ltr'>sunt</span> <span class='ocrx_word' id='word_1_165' title='bbox 2329 2559 2634 2648; x_wconf 89' lang='lat' dir='ltr'>regionis</span> <span class='ocrx_word' id='word_1_166' title='bbox 2665 2562 2967 2627; x_wconf 81' lang='lat' dir='ltr'>Werme-</span> 
     </span>
     <span class='ocr_line' id='line_1_24' title="bbox 400 2674 2963 2765; baseline -0 -23"><span class='ocrx_word' id='word_1_167' title='bbox 400 2675 589 2762; x_wconf 81' lang='lat' dir='ltr'>land,</span> <span class='ocrx_word' id='word_1_168' title='bbox 632 2675 717 2742; x_wconf 88' lang='lat' dir='ltr'>ad</span> <span class='ocrx_word' id='word_1_169' title='bbox 752 2675 982 2743; x_wconf 91' lang='lat' dir='ltr'>lacum</span> <span class='ocrx_word' id='word_1_170' title='bbox 1017 2675 1327 2742; x_wconf 74' lang='lat' dir='ltr'>Wener⁵.</span> <span class='ocrx_word' id='word_1_171' title='bbox 1378 2674 1671 2742; x_wconf 85' lang='lat' dir='ltr'>Finnedi</span> <span class='ocrx_word' id='word_1_172' title='bbox 1707 2697 1872 2743; x_wconf 88' lang='lat' dir='ltr'>vero</span> <span class='ocrx_word' id='word_1_173' title='bbox 1917 2674 2348 2763; x_wconf 87' lang='lat' dir='ltr'>(Finnheide,</span> <span class='ocrx_word' id='word_1_174' title='bbox 2377 2676 2431 2741; x_wconf 91' lang='lat' dir='ltr'>F</span> <span class='ocrx_word' id='word_1_175' title='bbox 2434 2675 2761 2765; x_wconf 87' lang='lat' dir='ltr'>innwald)</span> <span class='ocrx_word' id='word_1_176' title='bbox 2788 2676 2963 2743; x_wconf 86' lang='lat' dir='ltr'>occi-</span> 
     </span>
     <span class='ocr_line' id='line_1_25' title="bbox 399 2789 2963 2882; baseline -0.001 -24"><span class='ocrx_word' id='word_1_177' title='bbox 399 2790 748 2858; x_wconf 86' lang='lat' dir='ltr'>dentalem</span> <span class='ocrx_word' id='word_1_178' title='bbox 771 2799 1038 2882; x_wconf 87' lang='lat' dir='ltr'>partem</span> <span class='ocrx_word' id='word_1_179' title='bbox 1066 2789 1433 2881; x_wconf 68' lang='lat' dir='ltr'>provinciae</span> <span class='ocrx_word' id='word_1_180' title='bbox 1461 2789 1802 2858; x_wconf 81' lang='lat' dir='ltr'>Smaland</span> <span class='ocrx_word' id='word_1_181' title='bbox 1824 2789 2172 2858; x_wconf 88' lang='lat' dir='ltr'>habitasse</span> <span class='ocrx_word' id='word_1_182' title='bbox 2207 2789 2553 2874; x_wconf 86' lang='lat' dir='ltr'>videntur,</span> <span class='ocrx_word' id='word_1_183' title='bbox 2584 2790 2657 2857; x_wconf 91' lang='lat' dir='ltr'>in</span> <span class='ocrx_word' id='word_1_184' title='bbox 2683 2789 2963 2881; x_wconf 89' lang='lat' dir='ltr'>regione</span> 
     </span>
     <span class='ocr_line' id='line_1_26' title="bbox 394 2906 2962 2997; baseline -0 -24"><span class='ocrx_word' id='word_1_185' title='bbox 394 2906 782 2974; x_wconf 84' lang='lat' dir='ltr'>Hallandiae</span> <span class='ocrx_word' id='word_1_186' title='bbox 835 2906 1243 2997; x_wconf 89' lang='lat' dir='ltr'>propinqua.</span> <span class='ocrx_word' id='word_1_187' title='bbox 1312 2909 1389 2974; x_wconf 93' lang='lat' dir='ltr'>In</span> <span class='ocrx_word' id='word_1_188' title='bbox 1445 2906 1743 2974; x_wconf 88' lang='lat' dir='ltr'>confinio</span> <span class='ocrx_word' id='word_1_189' title='bbox 1811 2906 2166 2973; x_wconf 88' lang='lat' dir='ltr'>Sueonum</span> <span class='ocrx_word' id='word_1_190' title='bbox 2227 2906 2335 2974; x_wconf 88' lang='lat' dir='ltr'>vel</span> <span class='ocrx_word' id='word_1_191' title='bbox 2400 2906 2962 2973; x_wconf 88' lang='lat' dir='ltr'>Normannorum</span> 
     </span>
     <span class='ocr_line' id='line_1_27' title="bbox 392 3020 2958 3111; baseline -0.001 -23"><span class='ocrx_word' id='word_1_192' title='bbox 392 3030 628 3089; x_wconf 88' lang='lat' dir='ltr'>contra</span> <span class='ocrx_word' id='word_1_193' title='bbox 658 3022 943 3090; x_wconf 85' lang='lat' dir='ltr'>boream</span> <span class='ocrx_word' id='word_1_194' title='bbox 979 3021 1292 3089; x_wconf 89' lang='lat' dir='ltr'>habitant</span> <span class='ocrx_word' id='word_1_195' title='bbox 1332 3020 1746 3103; x_wconf 84' lang='lat' dir='ltr'>Scritefinni,</span> <span class='ocrx_word' id='word_1_196' title='bbox 1789 3043 2087 3111; x_wconf 90' lang='lat' dir='ltr'>quorum</span> <span class='ocrx_word' id='word_1_197' title='bbox 2125 3020 2367 3088; x_wconf 90' lang='lat' dir='ltr'>urbem</span> <span class='ocrx_word' id='word_1_198' title='bbox 2401 3028 2607 3111; x_wconf 89' lang='lat' dir='ltr'>caput</span> <span class='ocrx_word' id='word_1_199' title='bbox 2635 3020 2958 3110; x_wconf 90' lang='lat' dir='ltr'>Helsing-</span> 
     </span>
     <span class='ocr_line' id='line_1_28' title="bbox 388 3135 2957 3229; baseline 0 -27"><span class='ocrx_word' id='word_1_200' title='bbox 388 3136 581 3229; x_wconf 32' lang='lat' dir='ltr'>land,</span> <span class='ocrx_word' id='word_1_201' title='bbox 624 3137 713 3204; x_wconf 88' lang='lat' dir='ltr'>ad</span> <span class='ocrx_word' id='word_1_202' title='bbox 806 3137 1304 3204; x_wconf 85' lang='lat' dir='ltr'>occidentalem</span> <span class='ocrx_word' id='word_1_203' title='bbox 1370 3136 1562 3203; x_wconf 90' lang='lat' dir='ltr'>sinus</span> <span class='ocrx_word' id='word_1_204' title='bbox 1621 3135 1935 3203; x_wconf 82' lang='lat' dir='ltr'>Bothniae</span> <span class='ocrx_word' id='word_1_205' title='bbox 2000 3158 2195 3203; x_wconf 88' lang='lat' dir='ltr'>oram</span> <span class='ocrx_word' id='word_1_206' title='bbox 2284 3135 2486 3203; x_wconf 87' lang='lat' dir='ltr'>sitam</span> <span class='ocrx_word' id='word_1_207' title='bbox 2573 3158 2724 3202; x_wconf 89' lang='lat' dir='ltr'>esse</span> <span class='ocrx_word' id='word_1_208' title='bbox 2794 3135 2957 3204; x_wconf 88' lang='lat' dir='ltr'>dicit</span> 
     </span>
    </p>
   </div>
   <div class='ocr_carea' id='block_1_4' title="bbox 389 3357 2967 4862">
    <p class='ocr_par' dir='ltr' id='par_1_6' title="bbox 392 3357 2967 3810">
     <span class='ocr_line' id='line_1_29' title="bbox 462 3357 2963 3424; baseline -0.001 -14"><span class='ocrx_word' id='word_1_209' title='bbox 462 3365 510 3411; x_wconf 86' lang='lat' dir='ltr'>l.</span> <span class='ocrx_word' id='word_1_210' title='bbox 555 3360 793 3409; x_wconf 89' lang='lat' dir='ltr'>Verbum</span> <span class='ocrx_word' id='word_1_211' title='bbox 825 3358 985 3408; x_wconf 79' lang='lat' dir='ltr'>Birka</span> <span class='ocrx_word' id='word_1_212' title='bbox 1020 3360 1072 3422; x_wconf 86' lang='lat' dir='ltr'>(a</span> <span class='ocrx_word' id='word_1_213' title='bbox 1108 3372 1277 3424; x_wconf 89' lang='lat' dir='ltr'>germ.</span> <span class='ocrx_word' id='word_1_214' title='bbox 1314 3372 1446 3409; x_wconf 91' lang='lat' dir='ltr'>voce</span> <span class='ocrx_word' id='word_1_215' title='bbox 1479 3357 1631 3406; x_wconf 66' lang='lat' dir='ltr'>Bit-lte</span> <span class='ocrx_word' id='word_1_216' title='bbox 1665 3379 1722 3400; x_wconf 95' lang='lat'><strong><em>=</em></strong></span> <span class='ocrx_word' id='word_1_217' title='bbox 1751 3358 1955 3420; x_wconf 87' lang='lat' dir='ltr'>betula)</span> <span class='ocrx_word' id='word_1_218' title='bbox 1995 3357 2138 3421; x_wconf 87' lang='lat' dir='ltr'>apud</span> <span class='ocrx_word' id='word_1_219' title='bbox 2171 3358 2514 3422; x_wconf 88' lang='lat' dir='ltr'>germanicos</span> <span class='ocrx_word' id='word_1_220' title='bbox 2548 3361 2798 3409; x_wconf 85' lang='lat' dir='ltr'>auctores</span> <span class='ocrx_word' id='word_1_221' title='bbox 2834 3361 2963 3410; x_wconf 86' lang='lat' dir='ltr'>tan-</span> 
     </span>
     <span class='ocr_line' id='line_1_30' title="bbox 394 3437 2967 3502; baseline 0 -13"><span class='ocrx_word' id='word_1_222' title='bbox 394 3438 676 3489; x_wconf 86' lang='lat' dir='ltr'>tummodo</span> <span class='ocrx_word' id='word_1_223' title='bbox 714 3439 1006 3502; x_wconf 86' lang='lat' dir='ltr'>reperitur.</span> <span class='ocrx_word' id='word_1_224' title='bbox 1060 3437 1277 3488; x_wconf 89' lang='lat' dir='ltr'>Nordici</span> <span class='ocrx_word' id='word_1_225' title='bbox 1323 3437 1503 3489; x_wconf 83' lang='lat' dir='ltr'>sontes</span> <span class='ocrx_word' id='word_1_226' title='bbox 1537 3439 1778 3488; x_wconf 82' lang='lat' dir='ltr'>veterem</span> <span class='ocrx_word' id='word_1_227' title='bbox 1818 3440 1873 3487; x_wconf 90' lang='lat' dir='ltr'>et</span> <span class='ocrx_word' id='word_1_228' title='bbox 1908 3451 2109 3487; x_wconf 84' lang='lat' dir='ltr'>novam</span> <span class='ocrx_word' id='word_1_229' title='bbox 2157 3438 2438 3502; x_wconf 87' lang='lat' dir='ltr'>Sigtonam</span> <span class='ocrx_word' id='word_1_230' title='bbox 2468 3442 2794 3497; x_wconf 88' lang='lat' dir='ltr'>memorant,</span> <span class='ocrx_word' id='word_1_231' title='bbox 2834 3452 2967 3502; x_wconf 83' lang='lat' dir='ltr'>qua-</span> 
     </span>
     <span class='ocr_line' id='line_1_31' title="bbox 395 3517 2961 3581; baseline 0 -12"><span class='ocrx_word' id='word_1_232' title='bbox 395 3533 518 3569; x_wconf 87' lang='lat' dir='ltr'>rum</span> <span class='ocrx_word' id='word_1_233' title='bbox 549 3533 659 3569; x_wconf 87' lang='lat' dir='ltr'>una</span> <span class='ocrx_word' id='word_1_234' title='bbox 690 3520 777 3569; x_wconf 85' lang='lat' dir='ltr'>vel</span> <span class='ocrx_word' id='word_1_235' title='bbox 808 3519 979 3569; x_wconf 84' lang='lat' dir='ltr'>altera</span> <span class='ocrx_word' id='word_1_236' title='bbox 1016 3518 1202 3568; x_wconf 84' lang='lat' dir='ltr'>eadem</span> <span class='ocrx_word' id='word_1_237' title='bbox 1235 3530 1298 3567; x_wconf 83' lang='lat' dir='ltr'>ac</span> <span class='ocrx_word' id='word_1_238' title='bbox 1331 3518 1488 3569; x_wconf 88' lang='lat' dir='ltr'>Birca</span> <span class='ocrx_word' id='word_1_239' title='bbox 1535 3518 1705 3567; x_wconf 89' lang='lat' dir='ltr'>fuisse</span> <span class='ocrx_word' id='word_1_240' title='bbox 1733 3517 1969 3568; x_wconf 84' lang='lat' dir='ltr'>videtur.</span> <span class='ocrx_word' id='word_1_241' title='bbox 1996 3517 2194 3581; x_wconf 85' lang='lat' dir='ltr'>Upsala</span> <span class='ocrx_word' id='word_1_242' title='bbox 2229 3521 2386 3569; x_wconf 83' lang='lat' dir='ltr'>vetus</span> <span class='ocrx_word' id='word_1_243' title='bbox 2425 3517 2626 3571; x_wconf 80' lang='lat' dir='ltr'>Gaimae</span> <span class='ocrx_word' id='word_1_244' title='bbox 2668 3519 2832 3570; x_wconf 86' lang='lat' dir='ltr'>situm</span> <span class='ocrx_word' id='word_1_245' title='bbox 2868 3535 2961 3570; x_wconf 88' lang='lat' dir='ltr'>oc-</span> 
     </span>
     <span class='ocr_line' id='line_1_32' title="bbox 394 3597 2962 3663; baseline 0.002 -16"><span class='ocrx_word' id='word_1_246' title='bbox 394 3599 645 3662; x_wconf 85' lang='lat' dir='ltr'>cupabat,</span> <span class='ocrx_word' id='word_1_247' title='bbox 673 3599 740 3649; x_wconf 87' lang='lat' dir='ltr'>ad</span> <span class='ocrx_word' id='word_1_248' title='bbox 775 3598 1203 3663; x_wconf 86' lang='lat' dir='ltr'>septentrionem</span> <span class='ocrx_word' id='word_1_249' title='bbox 1232 3597 1511 3648; x_wconf 83' lang='lat' dir='ltr'>hodiernae</span> <span class='ocrx_word' id='word_1_250' title='bbox 1527 3598 1758 3648; x_wconf 85' lang='lat' dir='ltr'>Ubsolae.</span> <span class='ocrx_word' id='word_1_251' title='bbox 1787 3597 2003 3647; x_wconf 88' lang='lat' dir='ltr'>Certum</span> <span class='ocrx_word' id='word_1_252' title='bbox 2030 3599 2112 3647; x_wconf 89' lang='lat' dir='ltr'>est</span> <span class='ocrx_word' id='word_1_253' title='bbox 2132 3598 2229 3647; x_wconf 86' lang='lat' dir='ltr'>has</span> <span class='ocrx_word' id='word_1_254' title='bbox 2250 3600 2462 3648; x_wconf 87' lang='lat' dir='ltr'>veteres</span> <span class='ocrx_word' id='word_1_255' title='bbox 2486 3599 2693 3649; x_wconf 84' lang='lat' dir='ltr'>Suediae</span> <span class='ocrx_word' id='word_1_256' title='bbox 2712 3600 2962 3652; x_wconf 86' lang='lat' dir='ltr'>civitates</span> 
     </span>
     <span class='ocr_line' id='line_1_33' title="bbox 394 3677 2961 3743; baseline 0 -13"><span class='ocrx_word' id='word_1_257' title='bbox 394 3679 540 3730; x_wconf 85' lang='lat' dir='ltr'>circa</span> <span class='ocrx_word' id='word_1_258' title='bbox 598 3681 777 3728; x_wconf 87' lang='lat' dir='ltr'>lacum</span> <span class='ocrx_word' id='word_1_259' title='bbox 831 3678 1020 3728; x_wconf 85' lang='lat' dir='ltr'>Mcelar</span> <span class='ocrx_word' id='word_1_260' title='bbox 1064 3677 1321 3741; x_wconf 85' lang='lat' dir='ltr'>jacuisse,</span> <span class='ocrx_word' id='word_1_261' title='bbox 1385 3677 1445 3727; x_wconf 92' lang='lat' dir='ltr'>in</span> <span class='ocrx_word' id='word_1_262' title='bbox 1495 3677 1711 3742; x_wconf 84' lang='lat' dir='ltr'>regione</span> <span class='ocrx_word' id='word_1_263' title='bbox 1769 3677 2144 3741; x_wconf 84' lang='lat' dir='ltr'>geographicis</span> <span class='ocrx_word' id='word_1_264' title='bbox 2204 3677 2609 3728; x_wconf 87' lang='lat' dir='ltr'>conditionibus</span> <span class='ocrx_word' id='word_1_265' title='bbox 2669 3680 2961 3743; x_wconf 82' lang='lat' dir='ltr'>praedesti-</span> 
     </span>
     <span class='ocr_line' id='line_1_34' title="bbox 392 3762 538 3810; baseline -0.007 0"><span class='ocrx_word' id='word_1_266' title='bbox 392 3762 538 3810; x_wconf 87' lang='lat' dir='ltr'>nata.</span> 
     </span>
    </p>

    <p class='ocr_par' dir='ltr' id='par_1_7' title="bbox 390 3836 2957 4062">
     <span class='ocr_line' id='line_1_35' title="bbox 456 3836 2957 3901; baseline 0 -12"><span class='ocrx_word' id='word_1_267' title='bbox 456 3843 502 3890; x_wconf 76' lang='lat'>2.</span> <span class='ocrx_word' id='word_1_268' title='bbox 535 3840 599 3888; x_wconf 91' lang='lat' dir='ltr'>In</span> <span class='ocrx_word' id='word_1_269' title='bbox 626 3852 870 3889; x_wconf 51' lang='lat' dir='ltr'>¹errorem</span> <span class='ocrx_word' id='word_1_270' title='bbox 899 3837 1406 3888; x_wconf 81' lang='lat' dir='ltr'>manifestissimum</span> <span class='ocrx_word' id='word_1_271' title='bbox 1439 3837 1625 3901; x_wconf 85' lang='lat' dir='ltr'>lapsus</span> <span class='ocrx_word' id='word_1_272' title='bbox 1655 3839 1740 3887; x_wconf 88' lang='lat' dir='ltr'>est</span> <span class='ocrx_word' id='word_1_273' title='bbox 1773 3836 1961 3899; x_wconf 83' lang='lat' dir='ltr'>DehiO,</span> <span class='ocrx_word' id='word_1_274' title='bbox 1981 3837 2074 3898; x_wconf 86' lang='lat' dir='ltr'>qui</span> <span class='ocrx_word' id='word_1_275' title='bbox 2104 3837 2314 3886; x_wconf 88' lang='lat' dir='ltr'>Bircam</span> <span class='ocrx_word' id='word_1_276' title='bbox 2341 3837 2630 3901; x_wconf 86' lang='lat' dir='ltr'>Borgholm</span> <span class='ocrx_word' id='word_1_277' title='bbox 2661 3838 2717 3887; x_wconf 91' lang='lat' dir='ltr'>in</span> <span class='ocrx_word' id='word_1_278' title='bbox 2751 3840 2957 3890; x_wconf 85' lang='lat' dir='ltr'>OEland</span> 
     </span>
     <span class='ocr_line' id='line_1_36' title="bbox 390 3917 2956 3982; baseline 0.001 -14"><span class='ocrx_word' id='word_1_279' title='bbox 390 3921 574 3977; x_wconf 86' lang='lat' dir='ltr'>insula</span> <span class='ocrx_word' id='word_1_280' title='bbox 604 3919 887 3982; x_wconf 86' lang='lat' dir='ltr'>assimilat,</span> <span class='ocrx_word' id='word_1_281' title='bbox 915 3921 976 3968; x_wconf 91' lang='lat' dir='ltr'>ut</span> <span class='ocrx_word' id='word_1_282' title='bbox 1012 3921 1203 3968; x_wconf 88' lang='lat' dir='ltr'>contra</span> <span class='ocrx_word' id='word_1_283' title='bbox 1229 3919 1476 3969; x_wconf 89' lang='lat' dir='ltr'>Iumnem</span> <span class='ocrx_word' id='word_1_284' title='bbox 1511 3918 1598 3979; x_wconf 87' lang='lat' dir='ltr'>sit,</span> <span class='ocrx_word' id='word_1_285' title='bbox 1625 3918 1684 3966; x_wconf 93' lang='lat' dir='ltr'>in</span> <span class='ocrx_word' id='word_1_286' title='bbox 1713 3917 1814 3966; x_wconf 91' lang='lat' dir='ltr'>hoc</span> <span class='ocrx_word' id='word_1_287' title='bbox 1843 3930 2036 3980; x_wconf 87' lang='lat' dir='ltr'>parum</span> <span class='ocrx_word' id='word_1_288' title='bbox 2064 3917 2375 3981; x_wconf 88' lang='lat' dir='ltr'>intelligens</span> <span class='ocrx_word' id='word_1_289' title='bbox 2409 3918 2683 3981; x_wconf 85' lang='lat' dir='ltr'>quomodo</span> <span class='ocrx_word' id='word_1_290' title='bbox 2713 3919 2956 3971; x_wconf 89' lang='lat' dir='ltr'>Adamus</span> 
     </span>
     <span class='ocr_line' id='line_1_37' title="bbox 391 3998 1304 4062; baseline -0.003 -13"><span class='ocrx_word' id='word_1_291' title='bbox 391 3999 581 4049; x_wconf 86' lang='lat' dir='ltr'>Baltici</span> <span class='ocrx_word' id='word_1_292' title='bbox 616 3999 772 4049; x_wconf 88' lang='lat' dir='ltr'>sinus</span> <span class='ocrx_word' id='word_1_293' title='bbox 808 3998 1035 4062; x_wconf 88' lang='lat' dir='ltr'>figuram</span> <span class='ocrx_word' id='word_1_294' title='bbox 1063 3998 1304 4048; x_wconf 86' lang='lat' dir='ltr'>torserit.</span> 
     </span>
    </p>

    <p class='ocr_par' dir='ltr' id='par_1_8' title="bbox 392 4075 2962 4461">
     <span class='ocr_line' id='line_1_38' title="bbox 457 4075 2962 4141; baseline 0 -13"><span class='ocrx_word' id='word_1_295' title='bbox 457 4083 504 4129; x_wconf 83' lang='lat'>3.</span> <span class='ocrx_word' id='word_1_296' title='bbox 554 4079 762 4128; x_wconf 86' lang='lat' dir='ltr'>Forsan</span> <span class='ocrx_word' id='word_1_297' title='bbox 805 4078 864 4126; x_wconf 89' lang='lat' dir='ltr'>in</span> <span class='ocrx_word' id='word_1_298' title='bbox 900 4079 1020 4127; x_wconf 87' lang='lat' dir='ltr'>lacu</span> <span class='ocrx_word' id='word_1_299' title='bbox 1055 4078 1260 4138; x_wconf 89' lang='lat' dir='ltr'>Moelar,</span> <span class='ocrx_word' id='word_1_300' title='bbox 1304 4077 1398 4126; x_wconf 87' lang='lat' dir='ltr'>ubi</span> <span class='ocrx_word' id='word_1_301' title='bbox 1440 4077 1620 4126; x_wconf 90' lang='lat' dir='ltr'>insula</span> <span class='ocrx_word' id='word_1_302' title='bbox 1666 4075 1857 4139; x_wconf 69' lang='lat' dir='ltr'>Bjorko·</span> <span class='ocrx_word' id='word_1_303' title='bbox 1898 4089 2179 4125; x_wconf 88' lang='lat' dir='ltr'>murorum</span> <span class='ocrx_word' id='word_1_304' title='bbox 2212 4076 2457 4141; x_wconf 83' lang='lat' dir='ltr'>vestigia,</span> <span class='ocrx_word' id='word_1_305' title='bbox 2500 4079 2871 4140; x_wconf 86' lang='lat' dir='ltr'>tumulosque,</span> <span class='ocrx_word' id='word_1_306' title='bbox 2902 4081 2962 4129; x_wconf 89' lang='lat' dir='ltr'>ut</span> 
     </span>
     <span class='ocr_line' id='line_1_39' title="bbox 392 4155 2956 4222; baseline -0 -13"><span class='ocrx_word' id='word_1_307' title='bbox 392 4159 599 4220; x_wconf 86' lang='lat' dir='ltr'>dicunt,</span> <span class='ocrx_word' id='word_1_308' title='bbox 635 4159 916 4222; x_wconf 83' lang='lat' dir='ltr'>gigantum</span> <span class='ocrx_word' id='word_1_309' title='bbox 960 4161 1156 4218; x_wconf 85' lang='lat' dir='ltr'>servat,</span> <span class='ocrx_word' id='word_1_310' title='bbox 1208 4158 1433 4220; x_wconf 87' lang='lat' dir='ltr'>antiqua</span> <span class='ocrx_word' id='word_1_311' title='bbox 1481 4157 1637 4206; x_wconf 85' lang='lat' dir='ltr'>Birca</span> <span class='ocrx_word' id='word_1_312' title='bbox 1671 4156 1895 4205; x_wconf 85' lang='lat' dir='ltr'>exstitit.</span> <span class='ocrx_word' id='word_1_313' title='bbox 1942 4156 2018 4204; x_wconf 81' lang='lat' dir='ltr'>Cf.</span> <span class='ocrx_word' id='word_1_314' title='bbox 2065 4155 2265 4218; x_wconf 87' lang='lat' dir='ltr'>Geijer,</span> <span class='ocrx_word' id='word_1_315' title='bbox 2310 4156 2491 4206; x_wconf 83' lang='lat' dir='ltr'>Gesclz.</span> <span class='ocrx_word' id='word_1_316' title='bbox 2542 4158 2866 4221; x_wconf 80' lang='lat' dir='ltr'>Schwedens,</span> <span class='ocrx_word' id='word_1_317' title='bbox 2914 4161 2956 4220; x_wconf 88' lang='lat'>1,</span> 
     </span>
     <span class='ocr_line' id='line_1_40' title="bbox 392 4235 2958 4303; baseline 0 -15"><span class='ocrx_word' id='word_1_318' title='bbox 392 4254 449 4303; x_wconf 91' lang='lat' dir='ltr'>p.</span> <span class='ocrx_word' id='word_1_319' title='bbox 477 4241 556 4288; x_wconf 76' lang='lat'>71.</span> <span class='ocrx_word' id='word_1_320' title='bbox 589 4239 651 4287; x_wconf 79' lang='lat' dir='ltr'>H.</span> <span class='ocrx_word' id='word_1_321' title='bbox 683 4237 1031 4299; x_wconf 86' lang='lat' dir='ltr'>Hildehrand,</span> <span class='ocrx_word' id='word_1_322' title='bbox 1070 4236 1347 4287; x_wconf 71' lang='lat' dir='ltr'>Schweden</span> <span class='ocrx_word' id='word_1_323' title='bbox 1380 4238 1438 4286; x_wconf 80' lang='lat' dir='ltr'>in</span> <span class='ocrx_word' id='word_1_324' title='bbox 1463 4237 1557 4286; x_wconf 80' lang='lat' dir='ltr'>der</span> <span class='ocrx_word' id='word_1_325' title='bbox 1585 4235 1922 4286; x_wconf 81' lang='lat' dir='ltr'>heidnischen</span> <span class='ocrx_word' id='word_1_326' title='bbox 1957 4236 2087 4296; x_wconf 80' lang='lat' dir='ltr'>Zeit,</span> <span class='ocrx_word' id='word_1_327' title='bbox 2119 4235 2263 4286; x_wconf 89' lang='lat' dir='ltr'>trad.</span> <span class='ocrx_word' id='word_1_328' title='bbox 2298 4237 2554 4297; x_wconf 82' lang='lat' dir='ltr'>Mestorfl’,</span> <span class='ocrx_word' id='word_1_329' title='bbox 2606 4241 2743 4302; x_wconf 79' lang='lat'>1873,</span> <span class='ocrx_word' id='word_1_330' title='bbox 2777 4253 2830 4302; x_wconf 90' lang='lat' dir='ltr'>p.</span> <span class='ocrx_word' id='word_1_331' title='bbox 2885 4242 2958 4289; x_wconf 88' lang='lat'>15.</span> 
     </span>
     <span class='ocr_line' id='line_1_41' title="bbox 398 4315 2954 4382; baseline 0 -14"><span class='ocrx_word' id='word_1_332' title='bbox 398 4319 775 4380; x_wconf 80' lang='lat' dir='ltr'>wattenbach,</span> <span class='ocrx_word' id='word_1_333' title='bbox 809 4317 1127 4379; x_wconf 78' lang='lat' dir='ltr'>Stoclcholm‚</span> <span class='ocrx_word' id='word_1_334' title='bbox 1165 4322 1296 4378; x_wconf 82' lang='grc'>1875,</span> <span class='ocrx_word' id='word_1_335' title='bbox 1335 4333 1388 4382; x_wconf 90' lang='lat' dir='ltr'>p.</span> <span class='ocrx_word' id='word_1_336' title='bbox 1427 4320 1499 4367; x_wconf 90' lang='lat'>18.</span> <span class='ocrx_word' id='word_1_337' title='bbox 1538 4317 1904 4377; x_wconf 86' lang='lat' dir='ltr'>Gies-ebrecht,</span> <span class='ocrx_word' id='word_1_338' title='bbox 1943 4315 2442 4379; x_wconf 77' lang='lat' dir='ltr'>Nordlandslcunde‚</span> <span class='ocrx_word' id='word_1_339' title='bbox 2474 4333 2509 4382; x_wconf 90' lang='lat' dir='ltr'>p</span> <span class='ocrx_word' id='word_1_340' title='bbox 2570 4322 2675 4369; x_wconf 86' lang='lat'><strong>183.</strong></span> <span class='ocrx_word' id='word_1_341' title='bbox 2716 4319 2954 4382; x_wconf 87' lang='lat' dir='ltr'>Murray,</span> 
     </span>
     <span class='ocr_line' id='line_1_42' title="bbox 396 4386 1102 4461; baseline 0 -14"><span class='ocrx_word' id='word_1_342' title='bbox 396 4386 791 4460; x_wconf 74' lang='lat' dir='ltr'>commentatio,</span> <span class='ocrx_word' id='word_1_343' title='bbox 824 4399 866 4457; x_wconf 94' lang='grc' dir='ltr'>Ι,</span> <span class='ocrx_word' id='word_1_344' title='bbox 897 4412 951 4461; x_wconf 90' lang='lat' dir='ltr'>p.</span> <span class='ocrx_word' id='word_1_345' title='bbox 994 4401 1102 4447; x_wconf 83' lang='lat'><strong>157.</strong></span> 
     </span>
    </p>

    <p class='ocr_par' dir='ltr' id='par_1_9' title="bbox 458 4478 1973 4540">
     <span class='ocr_line' id='line_1_43' title="bbox 458 4478 1973 4540; baseline -0.002 -12"><span class='ocrx_word' id='word_1_346' title='bbox 458 4481 506 4528; x_wconf 83' lang='lat'>4.</span> <span class='ocrx_word' id='word_1_347' title='bbox 537 4478 672 4528; x_wconf 83' lang='lat' dir='ltr'>Saxo</span> <span class='ocrx_word' id='word_1_348' title='bbox 701 4479 959 4540; x_wconf 90' lang='lat' dir='ltr'>Gramm.,</span> <span class='ocrx_word' id='word_1_349' title='bbox 989 4478 1049 4537; x_wconf 93' lang='lat' dir='ltr'>V,</span> <span class='ocrx_word' id='word_1_350' title='bbox 1081 4492 1117 4540; x_wconf 87' lang='lat' dir='ltr'>p</span> <span class='ocrx_word' id='word_1_351' title='bbox 1163 4478 1400 4527; x_wconf 80' lang='lat'>242-243.</span> <span class='ocrx_word' id='word_1_352' title='bbox 1966 4533 1973 4540; x_wconf 26' lang='lat'>⁸</span> 
     </span>
    </p>

    <p class='ocr_par' dir='ltr' id='par_1_10' title="bbox 389 4556 2957 4862">
     <span class='ocr_line' id='line_1_44' title="bbox 457 4556 2957 4622; baseline -0 -13"><span class='ocrx_word' id='word_1_353' title='bbox 457 4562 507 4609; x_wconf 85' lang='lat'>5.</span> <span class='ocrx_word' id='word_1_354' title='bbox 533 4558 661 4608; x_wconf 90' lang='lat' dir='ltr'>Cum</span> <span class='ocrx_word' id='word_1_355' title='bbox 685 4558 831 4607; x_wconf 83' lang='lat' dir='ltr'>inter</span> <span class='ocrx_word' id='word_1_356' title='bbox 853 4557 1103 4608; x_wconf 86' lang='lat' dir='ltr'>Suediam</span> <span class='ocrx_word' id='word_1_357' title='bbox 1133 4558 1186 4607; x_wconf 83' lang='lat' dir='ltr'>et</span> <span class='ocrx_word' id='word_1_358' title='bbox 1216 4557 1539 4622; x_wconf 88' lang='lat' dir='ltr'>Norvegiam</span> <span class='ocrx_word' id='word_1_359' title='bbox 1563 4556 1720 4607; x_wconf 90' lang='lat' dir='ltr'>limes</span> <span class='ocrx_word' id='word_1_360' title='bbox 1744 4557 1909 4607; x_wconf 85' lang='lat' dir='ltr'>fluvio</span> <span class='ocrx_word' id='word_1_361' title='bbox 1943 4557 2241 4619; x_wconf 77' lang='lat' dir='ltr'>Go&#39;tha-Elf</span> <span class='ocrx_word' id='word_1_362' title='bbox 2256 4560 2310 4608; x_wconf 86' lang='lat' dir='ltr'>et</span> <span class='ocrx_word' id='word_1_363' title='bbox 2333 4558 2453 4607; x_wconf 88' lang='lat' dir='ltr'>lacu</span> <span class='ocrx_word' id='word_1_364' title='bbox 2485 4559 2670 4608; x_wconf 82' lang='lat' dir='ltr'>Wener</span> <span class='ocrx_word' id='word_1_365' title='bbox 2694 4559 2764 4610; x_wconf 89' lang='lat' dir='ltr'>sit</span> <span class='ocrx_word' id='word_1_366' title='bbox 2785 4573 2957 4609; x_wconf 88' lang='lat' dir='ltr'>cons-</span> 
     </span>
     <span class='ocr_line' id='line_1_45' title="bbox 392 4637 2950 4709; baseline 0.001 -21"><span class='ocrx_word' id='word_1_367' title='bbox 392 4639 606 4696; x_wconf 84' lang='lat' dir='ltr'>titutus,</span> <span class='ocrx_word' id='word_1_368' title='bbox 645 4638 792 4709; x_wconf 82' lang='lat' dir='ltr'>inter</span> <span class='ocrx_word' id='word_1_369' title='bbox 815 4640 1102 4702; x_wconf 88' lang='lat' dir='ltr'>utramque</span> <span class='ocrx_word' id='word_1_370' title='bbox 1133 4638 1412 4702; x_wconf 86' lang='lat' dir='ltr'>regionem</span> <span class='ocrx_word' id='word_1_371' title='bbox 1437 4639 1623 4688; x_wconf 88' lang='lat' dir='ltr'>tamen</span> <span class='ocrx_word' id='word_1_372' title='bbox 1645 4640 1794 4700; x_wconf 82' lang='lat' dir='ltr'>patet</span> <span class='ocrx_word' id='word_1_373' title='bbox 1813 4638 1984 4687; x_wconf 86' lang='lat' dir='ltr'>saltus</span> <span class='ocrx_word' id='word_1_374' title='bbox 2007 4637 2358 4702; x_wconf 78' lang='lat' dir='ltr'>asperrimus„</span> <span class='ocrx_word' id='word_1_375' title='bbox 2384 4652 2546 4701; x_wconf 85' lang='lat' dir='ltr'>quem</span> <span class='ocrx_word' id='word_1_376' title='bbox 2573 4642 2761 4702; x_wconf 88' lang='lat' dir='ltr'>gentes</span> <span class='ocrx_word' id='word_1_377' title='bbox 2789 4640 2950 4690; x_wconf 91' lang='lat' dir='ltr'>indo-</span> 
     </span>
     <span class='ocr_line' id='line_1_46' title="bbox 392 4707 2954 4783; baseline 0.002 -15"><span class='ocrx_word' id='word_1_378' title='bbox 392 4710 542 4769; x_wconf 74' lang='lat' dir='ltr'>mitae</span> <span class='ocrx_word' id='word_1_379' title='bbox 573 4719 845 4769; x_wconf 87' lang='lat' dir='ltr'>incolunt.</span> <span class='ocrx_word' id='word_1_380' title='bbox 877 4707 1217 4768; x_wconf 66' lang='lat' dir='ltr'>&#39;Wermelani</span> <span class='ocrx_word' id='word_1_381' title='bbox 1245 4719 1413 4768; x_wconf 84' lang='lat' dir='ltr'>valles</span> <span class='ocrx_word' id='word_1_382' title='bbox 1435 4719 1575 4768; x_wconf 86' lang='lat' dir='ltr'>lacui</span> <span class='ocrx_word' id='word_1_383' title='bbox 1594 4710 1595 4713; x_wconf 51' lang='lat'>&#39;</span> <span class='ocrx_word' id='word_1_384' title='bbox 1614 4718 1797 4768; x_wconf 76' lang='lat' dir='ltr'>Wener</span> <span class='ocrx_word' id='word_1_385' title='bbox 1820 4718 2029 4779; x_wconf 29' lang='lat' dir='ltr'>vic-inas</span> <span class='ocrx_word' id='word_1_386' title='bbox 2056 4721 2110 4769; x_wconf 90' lang='lat' dir='ltr'>et</span> <span class='ocrx_word' id='word_1_387' title='bbox 2136 4717 2312 4781; x_wconf 84' lang='lat' dir='ltr'>ipsius</span> <span class='ocrx_word' id='word_1_388' title='bbox 2336 4720 2481 4768; x_wconf 86' lang='lat' dir='ltr'>lacus</span> <span class='ocrx_word' id='word_1_389' title='bbox 2511 4719 2657 4782; x_wconf 86' lang='lat' dir='ltr'>ripas</span> <span class='ocrx_word' id='word_1_390' title='bbox 2688 4724 2954 4783; x_wconf 88' lang='lat' dir='ltr'>occupant</span> 
     </span>
     <span class='ocr_line' id='line_1_47' title="bbox 389 4797 1446 4862; baseline -0.001 -14"><span class='ocrx_word' id='word_1_391' title='bbox 389 4799 613 4862; x_wconf 82' lang='lat' dir='ltr'>(Geijer,</span> <span class='ocrx_word' id='word_1_392' title='bbox 640 4797 820 4849; x_wconf 83' lang='lat' dir='ltr'>Gesch.</span> <span class='ocrx_word' id='word_1_393' title='bbox 846 4799 1153 4860; x_wconf 75' lang='lat' dir='ltr'>SchvedenS,</span> <span class='ocrx_word' id='word_1_394' title='bbox 1181 4801 1222 4860; x_wconf 92' lang='lat' dir='ltr'>I,</span> <span class='ocrx_word' id='word_1_395' title='bbox 1259 4813 1313 4862; x_wconf 88' lang='lat' dir='ltr'>p.</span> <span class='ocrx_word' id='word_1_396' title='bbox 1350 4799 1446 4862; x_wconf 74' lang='lat'><strong>5⁶2).</strong></span> 
     </span>
    </p>
   </div>
   <div class='ocr_carea' id='block_1_5' title="bbox 2687 4893 2718 4945">
    <p class='ocr_par' dir='ltr' id='par_1_11' title="bbox 2687 4893 2718 4945">
     <span class='ocr_line' id='line_1_48' title="bbox 2687 4893 2718 4945; baseline 0 0"><span class='ocrx_word' id='word_1_397' title='bbox 2687 4893 2718 4945; x_wconf 88' lang='grc'><strong>6</strong></span> 
     </span>
    </p>
   </div>
  </div>
 </body>
</html>
