3609 5675
1781 560 2102 619 ..92-

656 707 1200 775 Nordniaiiniam
1230 716 1294 774 et
1321 705 1753 775 Britanniam
1778 719 1844 774 et
1871 708 2272 777 Hiberniam
2294 707 2559 800 positae,
2590 708 2943 776 frementis
2967 706 3226 776 Oceani

661 823 1053 891 ludibundae
1113 822 1337 891 minas
1396 822 1735 891 derident.
1786 823 1896 890 Ad
1966 846 2137 915 quas
2186 846 2227 893 a
2280 824 2555 892 civitate
2618 823 3226 891 Nordmannorum

653 939 1071 1007 Trondeniui
1101 961 1216 1027 per
1249 937 1432 1005 diem
1457 939 1686 1005 ferunt
1712 937 2026 1026 navigari
2056 960 2282 1029 posse.
2315 938 2626 1028 Itemque
2661 937 2745 1005 ab
2773 934 3219 1022 orchadibus,

653 1055 869 1131 aiunt,
905 1055 1125 1119 simile
1159 1054 1460 1144 spatium
1495 1054 1651 1126 viae.
1686 1054 1832 1121 sive
1862 1054 1932 1120 in
1963 1054 2292 1143 Angliam
2320 1053 2605 1142 dirigaS,
2634 1053 2777 1120 sive
2817 1052 2885 1118 in
2919 1053 3227 1119 Scotiam

661 1171 929 1235 flectere
973 1171 1160 1235 velis.
1209 1196 1242 1230 »
1288 1168 1422 1237 Eas
1461 1168 1676 1257 igitur
1708 1168 1886 1235 inter
1921 1168 2225 1236 Scotiam
2271 1178 2340 1236 et
2383 1167 2807 1257 Norvegiam
2856 1168 3023 1235 sitas
3075 1188 3230 1234 esse

661 1291 873 1375 putat,
921 1291 985 1351 et
1037 1282 1270 1351 circuli
1314 1284 1612 1352 formam
1653 1284 1819 1374 (ritu
1868 1283 2269 1375 Cycladum)
2308 1284 2639 1373 praebere.
2684 1283 2763 1350 In
2805 1284 2935 1351 hoc
2972 1306 3012 1350 a
3046 1283 3230 1351 Mar-

661 1403 845 1467 tiano
889 1399 1258 1490 Solinuque
1299 1399 1546 1485 differt,
1585 1401 1769 1491 quod
1809 1410 2053 1468 cuncta
2092 1400 2206 1468 isti
2248 1399 2334 1468 ad
2377 1399 2834 1481 Britanniam,
2870 1398 3017 1488 ipse
3060 1421 3228 1465 vero

661 1519 745 1583 ad
793 1515 1213 1603 Nurvegiam
1251 1516 1523 1601 referat,
1556 1516 1654 1582 ita
1689 1523 1763 1583 ut
1803 1515 2155 1584 Orchadas
2185 1537 2322 1582 non
2360 1537 2401 1582 a
2439 1523 2633 1605 tergo
2668 1513 3069 1595 Britanniae,
3106 1514 3231 1581 sed

661 1639 897 1699 contra
937 1630 1357 1720 Nurvegiam
1390 1633 1660 1721 ponat¹.

753 1747 1148 1811 Hiberniam
1233 1747 1319 1812 ad
1417 1746 2025 1836 septentrionalem
2110 1744 2484 1813 Britanniae
2573 1752 2843 1835 partem
2941 1743 3235 1812 collocat

661 1863 813 1951 (IV,
869 1867 969 1939 NJ,
1017 1863 1154 1947 ⁷:322),
1191 1883 1482 1950 eamque
1522 1888 1554 1923 «
1591 1861 1955 1929 Scotorum
1998 1860 2319 1949 patriam,
2370 1883 2523 1951 quae
2560 1881 2746 1927 nunc
2791 1859 3022 1927 Irland
3062 1858 3231 1926 dici-

665 1987 773 2043 tut·
829 2007 889 2055 n,
961 1976 1278 2067 appellat.
1345 1976 1513 2057 Quae
1579 1986 1761 2042 terra
1827 1975 2101 2042 videtur
2149 1975 2415 2043 Adamo
2483 1975 3022 2065 septentrionem
3077 1996 3233 2041 ver-

665 2115 781 2159 sus
853 2091 937 2159 ad
1001 2090 1352 2159 Urchadas
1417 2100 1779 2180 spectare;
1849 2090 2107 2158 etenim
2144 2099 2509 2180 postquam
2551 2089 2901 2159 Orchadas
2972 2089 3237 2156 insulas

665 2207 981 2275 {sslceanus
1065 2205 1506 2275 occidentalis
1576 2208 2061 2297 praeterlapsus
2121 2217 2247 2290 est,
2319 2236 2351 2269 «
2431 2206 2672 2276 orbem
2730 2214 2925 2271 terrae
2993 2204 3237 2294 spatiis

669 2323 905 2407 ambit,
969 2323 1440 2388 sinistrorsum
1493 2321 1756 2389 habens
1806 2322 2255 2413 Hyberniam,
2291 2323 2728 2389 dextrorsum
2782 2341 2943 2387 vero
2990 2340 3238 2409 scopu-

673 2439 777 2507 los
853 2436 1382 2505 Nurilnianniae²
1417 2466 1475 2503 ».
1530 2437 1940 2507 Hiberniam
1994 2461 2182 2527 ergo,
2250 2440 2450 2527 juxta
2500 2460 2765 2505 morem
2823 2438 3239 2528 scriptorum

669 2555 877 2619 medii
945 2551 1097 2619 Ἑνὶ.
1155 2553 1228 2620 in
1289 2552 1531 2643 primis
1583 2553 1887 2635 Alcuini,
1947 2553 2212 2621 Alfredi
2278 2553 2537 2643 Magni,
2591 2552 2821 2632 Bedae,
2871 2552 3231 2635 Einhardi‚

669 2691 825 2735 cuni
857 2667 1085 2735 Brutia
1117 2667 1494 2753 confundit,
1523 2668 1705 2757 quod
1730 2669 1942 2736 etiam
1969 2668 2040 2735 in
2059 2668 2295 2737 Otheri
2321 2667 2584 2759 periplo
2617 2669 2788 2757 (cap.
2825 2669 2968 2751 vm)
2996 2667 3234 2735 videre

669 2787 829 2852 ΕΒΗ.
885 2783 1017 2864 Qui
1069 2805 1257 2851 error
1288 2806 1373 2851 ex
1415 2805 1495 2850 eo
1546 2783 1734 2852 nasci
1777 2783 2025 2875 potuit,
2073 2785 2257 2874 quod
2304 2783 2530 2852 Scotia
2569 2782 2997 2874 longissimis
3041 2783 3234 2850 fretis

669 2900 921 2988 [fies-citi]
961 2900 1277 2988 cingitur,
1320 2899 1416 2967 ita
1442 2908 1519 2966 ut
1549 2898 1774 2968 insula
1809 2899 2044 2968 habita
2071 2899 2303 2967 fuerit.
2348 2900 2529 2968 Saxo
2560 2909 2819 2981 autem,
2852 2898 3239 2967 accuratius

673 3016 965 3096 locutus,
1013 3015 1311 3084 &cutiam
1341 3037 1382 3082 a
1422 3015 1782 3083 Britannia
1831 3037 1971 3082 non
2033 3016 2236 3099 mari,
2287 3014 2402 3083 sed
2450 3014 2628 3082 saltu
2670 3014 2951 3098 dirimit,
2998 3014 3242 3081 Hiber-

673 3156 925 3200 nurum
969 3153 1219 3200 numen
1261 3131 1533 3221 populis
1581 3130 1901 3198 Irlandiae
1951 3130 2207 3213 tribuit,
2264 3153 2643 3220 eorumque
2680 3129 3033 3198 civitatem
3059 3122 3242 3218 Duf-

673 3248 917 3336 fli'siiim
957 3248 1266 3313 nominat
1291 3248 1338 3314 ⁴.
2084 3263 2089 3266 '

769 3364 825 3428 A
861 3364 1105 3428 ceteris
1145 3371 1407 3429 secreta
1449 3363 1655 3452 louge
1698 3361 1770 3428 in
1809 3363 2040 3430 medio
2085 3363 2358 3431 Oceano
2406 3362 2537 3429 sita
2581 3367 2687 3429 est
2720 3341 2964 3429 insula¹
2994 3360 3236 3451 Thyle,

685 3484 1021 3544 terrarum
1081 3476 1365 3543 ultima:
1425 3503 1456 3538 «
1510 3478 1610 3543 De
1654 3499 1790 3566 qua
1827 3488 1970 3545 tam
2010 3501 2050 3545 a
2106 3475 2411 3545 romanis
2456 3475 2902 3566 scriptoribus
2942 3497 3153 3566 quam
3201 3498 3244 3543 a

681 3592 989 3660 harh-[iris
1041 3591 1262 3659 multa
1318 3590 1706 3658 referuntur
1769 3591 1981 3680 digna
2028 3591 2388 3681 praedicari
2428 3619 2491 3675 »,
2538 3614 2689 3680 quae
2734 3591 2990 3658 iterum
3032 3591 3243 3657 refert

673 3708 1009 3776 adamus.
1069 3736 1097 3764 u
1152 3706 1316 3773 Haec
1364 3705 1594 3796 itaque
1628 3706 1869 3797 Thyle,
1914 3706 2157 3797 inquit,
2214 3728 2395 3774 nunc
2433 3706 2663 3774 Island
2718 3705 3165 3796 appellatur⁵,
3202 3729 3242 3773 a

673 3824 889 3912 glacie
929 3848 1077 3912 quffl
1109 3821 1457 3890 Oceanum
1501 3821 1846 3911 astringit.
1901 3851 1934 3885 »
1969 3827 2209 3892 Utrum
2242 3844 2482 3889 revera
2508 3822 2725 3889 Thule
2761 3820 3003 3890 eadem
3040 3820 3128 3888 sit
3164 3843 3245 3888 ac

737 4060 777 4104 1.
813 4052 1176 4115 Giesehreclit,
1206 4051 1700 4115 Nordlandskunde,
1737 4067 1790 4116 p.
1823 4056 1928 4102 193.

729 4136 773 4180 Ξ.
813 4131 1615 4196 Duhliuaiiu‚Forscl1un9en,I,
1649 4147 1701 4196 p.
1738 4135 1850 4182 447.

725 4216 769 4264 3.
801 4212 1037 4272 Pes-chel,
1069 4228 1117 4272 p.
1143 4214 1222 4272 82,
1246 4213 1373 4261 note
1401 4215 1444 4261 1.
1467 4211 1749 4275 Marinelli,
1775 4212 1847 4260 La
1881 4212 2162 4276 Geoqrafia
2188 4212 2251 4260 ei
2279 4211 2443 4260 Padri
2466 4209 2608 4260 della
2634 4209 2837 4270 chiesa,
2862 4224 2917 4273 p.
2952 4211 3025 4258 12.
3051 4209 3245 4273 Hamy,

685 4292 925 4352 Uriffines
953 4292 1013 4340 iic
1033 4292 1085 4340 ἐκ
1111 4290 1477 4354 ρανίορναρὴίε
1511 4291 1577 4341 de
1611 4291 1857 4354 l’Europe
1884 4291 2312 4354 septentrionale,
2339 4305 2392 4354 p.
2424 4293 2536 4341 375.

745 4372 789 4420 4.
821 4372 881 4428 ’ἡ
909 4388 965 4432 p.
1001 4376 1113 4432 ῗῖι-ἱ,
1150 4372 1233 4431 VI,
1266 4385 1318 4434 p.
1352 4374 1461 4432 2803
1491 4373 1552 4431 X,
1587 4386 1645 4435 p.
1683 4371 1913 4422 459-492.

741 4456 793 4500 5.
825 4452 1073 4508 islandia,
1101 4451 1237 4500 ΨΙΠΟ
1264 4451 1443 4501 seculo
1469 4451 1537 4501 ab
1556 4451 1807 4500 Hibernis
1836 4452 2071 4516 cognita,
2095 4465 2127 4501 a
2147 4451 2384 4515 quodam
2418 4451 2460 4499 N
2468 4463 2736 4500 ormanno
2765 4448 2990 4499 nomine
3023 4447 3250 4499 Naddod

679 4548 861 4582 rui-sus
897 4536 1109 4592 repert-:i
1137 4535 1241 4592 est3
1267 4532 1359 4594 qui
1385 4546 1502 4580 eam
1531 4531 1823 4580 Snoe-Land
1852 4531 2159 4595 appellavit.
2191 4531 2342 4581 Flolci
2363 4532 2542 4580 autem
2565 4544 2683 4580 eam
2710 4529 3001 4579 [standiam
3031 4544 3249 4579 nuncu-

681 4612 849 4676 pavit.
877 4612 1037 4672 Hujus
1057 4611 1231 4676 Iiigolf
1244 4612 1296 4660 et
1319 4610 1436 4661 Leir
1456 4611 1621 4675 primi
1645 4610 1868 4661 fuerunt
1890 4611 2087 4661 coloni.
2116 4612 2211 4660 IX⁰
2226 4611 2407 4660 seculo
2425 4609 2708 4660 desinente
2735 4609 3020 4660 hominum
3043 4608 3247 4659 referta

685 4696 781 4740 est.
821 4692 897 4740 Cf.
945 4690 1361 4750 Μῃιεῑηωηαόοά,
1403 4692 1445 4751 1,
1488 4696 1529 4740 l.
1565 4690 1843 4754 Heimslcr„
1880 4691 1919 4752 I,
1958 4706 2010 4755 p.
2051 4695 2130 4741 96.
2169 4692 2230 4741 V.
2273 4691 2436 4741 etiam
2468 4690 2701 4753 Geffroy,
2742 4691 2893 4740 Mem.
2932 4691 3170 4754 present.
3213 4687 3253 4738 ἄ

685 4772 881 4820 l*.·ii:›:n:f.
913 4772 1001 4820 iles
1029 4772 1293 4834 Inscript„
1334 4775 1406 4820 ΙΝ
1438 4771 1595 4832 serie,
1634 4773 1671 4820 t.
1706 4771 1792 4833 VI,
1825 4785 1882 4834 p.
1923 4771 2013 4821 327
2040 4784 2160 4834 sqq.
