<?xml version="1.0" encoding="UTF-8"?>
<!DOCTYPE html PUBLIC "-//W3C//DTD XHTML 1.0 Transitional//EN"
    "http://www.w3.org/TR/xhtml1/DTD/xhtml1-transitional.dtd">
<html xmlns="http://www.w3.org/1999/xhtml" xml:lang="en" lang="en">
 <head>
  <title>
</title>
<meta http-equiv="Content-Type" content="text/html;charset=utf-8" />
  <meta name='ocr-system' content='tesseract 3.04.00' />
  <meta name='ocr-capabilities' content='ocr_page ocr_carea ocr_par ocr_line ocrx_word'/>
</head>
<body>
  <div class='ocr_page' id='page_1' title='image "./deadamobremensi00berngoog_0101.png"; bbox 0 0 3609 5675; ppageno 0'>
   <div class='ocr_carea' id='block_1_1' title="bbox 30 0 761 269">
    <p class='ocr_par' dir='ltr' id='par_1_1' title="bbox 30 0 761 269">
     <span class='ocr_line' id='line_1_1' title="bbox 30 0 761 170; baseline -0.197 3"><span class='ocrx_word' id='word_1_1' title='bbox 30 0 430 170; x_wconf 49' lang='grc' dir='ltr'>ΓΓὛἪ</span> <span class='ocrx_word' id='word_1_2' title='bbox 653 0 680 7; x_wconf 79' lang='grc'>·’</span> <span class='ocrx_word' id='word_1_3' title='bbox 726 0 761 3; x_wconf 59' lang='grc'>·“</span> 
     </span>
     <span class='ocr_line' id='line_1_2' title="bbox 30 174 36 190; baseline 0 0"><span class='ocrx_word' id='word_1_4' title='bbox 30 174 36 190; x_wconf 74' lang='lat'>1·</span> 
     </span>
     <span class='ocr_line' id='line_1_3' title="bbox 208 253 222 269; baseline 0 0"><span class='ocrx_word' id='word_1_5' title='bbox 208 253 222 269; x_wconf 75' lang='lat'>0</span> 
     </span>
    </p>
   </div>
   <div class='ocr_carea' id='block_1_2' title="bbox 22 2824 24 3500">
    <p class='ocr_par' dir='ltr' id='par_1_2' title="bbox 22 2824 24 3500">
     <span class='ocr_line' id='line_1_4' title="bbox 22 2824 24 3500; baseline 0 0"><span class='ocrx_word' id='word_1_6' title='bbox 22 2824 24 3500; x_wconf 95' lang='lat' dir='ltr'> </span> 
     </span>
    </p>
   </div>
   <div class='ocr_carea' id='block_1_3' title="bbox 22 5514 292 5627">
    <p class='ocr_par' dir='ltr' id='par_1_3' title="bbox 22 5514 292 5627">
     <span class='ocr_line' id='line_1_5' title="bbox 22 5514 25 5530; baseline 0 0"><span class='ocrx_word' id='word_1_7' title='bbox 22 5514 25 5530; x_wconf 90' lang='grc' dir='ltr'>ι</span> 
     </span>
     <span class='ocr_line' id='line_1_6' title="bbox 22 5534 292 5627; baseline 0 0"><span class='ocrx_word' id='word_1_8' title='bbox 22 5534 224 5627; x_wconf 39' lang='grc' dir='ltr'>[μὲ-εμὲ</span> <span class='ocrx_word' id='word_1_9' title='bbox 284 5618 292 5627; x_wconf 49' lang='grc' dir='ltr'><strong><em>ι</em></strong></span> 
     </span>
    </p>
   </div>
   <div class='ocr_carea' id='block_1_4' title="bbox 1571 578 1897 637">
    <p class='ocr_par' dir='ltr' id='par_1_4' title="bbox 1571 578 1897 637">
     <span class='ocr_line' id='line_1_7' title="bbox 1571 578 1897 637; baseline -0.006 -16"><span class='ocrx_word' id='word_1_10' title='bbox 1571 578 1897 637; x_wconf 75' lang='grc'>-85-</span> 
     </span>
    </p>
   </div>
   <div class='ocr_carea' id='block_1_5' title="bbox 437 723 3024 3699">
    <p class='ocr_par' dir='ltr' id='par_1_5' title="bbox 443 723 3020 1622">
     <span class='ocr_line' id='line_1_8' title="bbox 447 723 3016 815; baseline -0.001 -21"><span class='ocrx_word' id='word_1_11' title='bbox 447 749 525 795; x_wconf 92' lang='lat' dir='ltr'>ca</span> <span class='ocrx_word' id='word_1_12' title='bbox 584 726 939 795; x_wconf 79' lang='lat' dir='ltr'><strong>Oceanum</strong></span> <span class='ocrx_word' id='word_1_13' title='bbox 1003 726 1248 794; x_wconf 90' lang='lat' dir='ltr'>remoti</span> <span class='ocrx_word' id='word_1_14' title='bbox 1315 735 1499 810; x_wconf 87' lang='lat' dir='ltr'>sunt,</span> <span class='ocrx_word' id='word_1_15' title='bbox 1556 724 1849 815; x_wconf 91' lang='lat' dir='ltr'>magicis</span> <span class='ocrx_word' id='word_1_16' title='bbox 1903 724 2165 793; x_wconf 90' lang='lat' dir='ltr'>artibus</span> <span class='ocrx_word' id='word_1_17' title='bbox 2224 724 2368 791; x_wconf 89' lang='lat' dir='ltr'>sive</span> <span class='ocrx_word' id='word_1_18' title='bbox 2437 723 3016 792; x_wconf 68' lang='lat' dir='ltr'>incantationibus</span> 
     </span>
     <span class='ocr_line' id='line_1_9' title="bbox 447 839 3016 933; baseline -0.001 -23"><span class='ocrx_word' id='word_1_19' title='bbox 447 842 684 924; x_wconf 89' lang='lat' dir='ltr'>dediti,</span> <span class='ocrx_word' id='word_1_20' title='bbox 748 841 1008 933; x_wconf 89' lang='lat' dir='ltr'>potenti</span> <span class='ocrx_word' id='word_1_21' title='bbox 1061 864 1416 911; x_wconf 89' lang='lat' dir='ltr'>murmure</span> <span class='ocrx_word' id='word_1_22' title='bbox 1471 840 1843 909; x_wconf 89' lang='lat' dir='ltr'>verborum</span> <span class='ocrx_word' id='word_1_23' title='bbox 1894 839 2183 930; x_wconf 82' lang='lat' dir='ltr'>grandia</span> <span class='ocrx_word' id='word_1_24' title='bbox 2230 848 2375 908; x_wconf 92' lang='lat' dir='ltr'>cete</span> <span class='ocrx_word' id='word_1_25' title='bbox 2409 840 2622 908; x_wconf 87' lang='lat' dir='ltr'>maris</span> <span class='ocrx_word' id='word_1_26' title='bbox 2668 843 2740 907; x_wconf 89' lang='lat' dir='ltr'>iu</span> <span class='ocrx_word' id='word_1_27' title='bbox 2785 839 3016 907; x_wconf 75' lang='lat' dir='ltr'>littura</span> 
     </span>
     <span class='ocr_line' id='line_1_10' title="bbox 444 953 3016 1048; baseline -0.001 -23"><span class='ocrx_word' id='word_1_28' title='bbox 444 958 750 1025; x_wconf 88' lang='lat' dir='ltr'>trahunt.</span> <span class='ocrx_word' id='word_1_29' title='bbox 832 958 911 1025; x_wconf 92' lang='lat' dir='ltr'>In</span> <span class='ocrx_word' id='word_1_30' title='bbox 975 956 1374 1046; x_wconf 76' lang='lat' dir='ltr'>asperrimis</span> <span class='ocrx_word' id='word_1_31' title='bbox 1450 979 1604 1048; x_wconf 86' lang='lat' dir='ltr'>quae</span> <span class='ocrx_word' id='word_1_32' title='bbox 1676 956 1773 1024; x_wconf 92' lang='lat' dir='ltr'>ibi</span> <span class='ocrx_word' id='word_1_33' title='bbox 1833 962 1993 1023; x_wconf 91' lang='lat' dir='ltr'>sunt</span> <span class='ocrx_word' id='word_1_34' title='bbox 2046 953 2317 1047; x_wconf 82' lang='lat' dir='ltr'>alpibus</span> <span class='ocrx_word' id='word_1_35' title='bbox 2380 954 2644 1023; x_wconf 90' lang='lat' dir='ltr'>audivit</span> <span class='ocrx_word' id='word_1_36' title='bbox 2704 955 3016 1023; x_wconf 69' lang='lat' dir='ltr'>Adumus</span> 
     </span>
     <span class='ocr_line' id='line_1_11' title="bbox 444 1070 3020 1160; baseline -0.002 -19"><span class='ocrx_word' id='word_1_37' title='bbox 444 1072 771 1141; x_wconf 90' lang='lat' dir='ltr'>mulieres</span> <span class='ocrx_word' id='word_1_38' title='bbox 807 1094 957 1140; x_wconf 88' lang='lat' dir='ltr'>esse</span> <span class='ocrx_word' id='word_1_39' title='bbox 1002 1072 1347 1155; x_wconf 81' lang='lat' dir='ltr'>barbataS,</span> <span class='ocrx_word' id='word_1_40' title='bbox 1384 1072 1571 1140; x_wconf 89' lang='lat' dir='ltr'>viros</span> <span class='ocrx_word' id='word_1_41' title='bbox 1612 1080 1845 1141; x_wconf 88' lang='lat' dir='ltr'>autem</span> <span class='ocrx_word' id='word_1_42' title='bbox 1881 1070 2225 1138; x_wconf 80' lang='lat' dir='ltr'>silvicolas</span> <span class='ocrx_word' id='word_1_43' title='bbox 2254 1092 2411 1137; x_wconf 92' lang='lat' dir='ltr'>raro</span> <span class='ocrx_word' id='word_1_44' title='bbox 2462 1092 2534 1137; x_wconf 93' lang='lat' dir='ltr'>se</span> <span class='ocrx_word' id='word_1_45' title='bbox 2569 1071 2872 1160; x_wconf 56' lang='lat' dir='ltr'>praehere</span> <span class='ocrx_word' id='word_1_46' title='bbox 2920 1071 3020 1135; x_wconf 70' lang='lat' dir='ltr'>vi-</span> 
     </span>
     <span class='ocr_line' id='line_1_12' title="bbox 448 1184 3016 1279; baseline -0 -25"><span class='ocrx_word' id='word_1_47' title='bbox 448 1188 732 1255; x_wconf 89' lang='lat' dir='ltr'>dendos.</span> <span class='ocrx_word' id='word_1_48' title='bbox 778 1215 810 1250; x_wconf 91' lang='lat'>«</span> <span class='ocrx_word' id='word_1_49' title='bbox 861 1186 995 1269; x_wconf 89' lang='lat' dir='ltr'>Qui</span> <span class='ocrx_word' id='word_1_50' title='bbox 1031 1187 1335 1255; x_wconf 85' lang='lat' dir='ltr'>ferarum</span> <span class='ocrx_word' id='word_1_51' title='bbox 1370 1186 1663 1279; x_wconf 90' lang='lat' dir='ltr'>pellibus</span> <span class='ocrx_word' id='word_1_52' title='bbox 1711 1195 1999 1253; x_wconf 90' lang='lat' dir='ltr'>utuntur</span> <span class='ocrx_word' id='word_1_53' title='bbox 2039 1208 2163 1277; x_wconf 93' lang='lat' dir='ltr'>pro</span> <span class='ocrx_word' id='word_1_54' title='bbox 2209 1184 2543 1268; x_wconf 82' lang='lat' dir='ltr'>vestibuS,</span> <span class='ocrx_word' id='word_1_55' title='bbox 2577 1194 2641 1253; x_wconf 92' lang='lat' dir='ltr'>et</span> <span class='ocrx_word' id='word_1_56' title='bbox 2680 1187 3016 1255; x_wconf 77' lang='lat' dir='ltr'>frumdsre</span> 
     </span>
     <span class='ocr_line' id='line_1_13' title="bbox 443 1299 3016 1393; baseline -0.001 -23"><span class='ocrx_word' id='word_1_57' title='bbox 443 1303 667 1391; x_wconf 87' lang='lat' dir='ltr'>magis</span> <span class='ocrx_word' id='word_1_58' title='bbox 712 1324 920 1392; x_wconf 89' lang='lat' dir='ltr'>quam</span> <span class='ocrx_word' id='word_1_59' title='bbox 952 1302 1162 1369; x_wconf 88' lang='lat' dir='ltr'>verba</span> <span class='ocrx_word' id='word_1_60' title='bbox 1209 1302 1512 1393; x_wconf 87' lang='lat' dir='ltr'>proferre</span> <span class='ocrx_word' id='word_1_61' title='bbox 1558 1302 1902 1370; x_wconf 88' lang='lat' dir='ltr'>dicuntur.</span> <span class='ocrx_word' id='word_1_62' title='bbox 1947 1300 2028 1368; x_wconf 92' lang='lat' dir='ltr'>In</span> <span class='ocrx_word' id='word_1_63' title='bbox 2067 1300 2331 1368; x_wconf 91' lang='lat' dir='ltr'>eisdem</span> <span class='ocrx_word' id='word_1_64' title='bbox 2379 1299 2728 1368; x_wconf 83' lang='lat' dir='ltr'>montanis</span> <span class='ocrx_word' id='word_1_65' title='bbox 2784 1323 3016 1391; x_wconf 72' lang='lat' dir='ltr'>agres-</span> 
     </span>
     <span class='ocr_line' id='line_1_14' title="bbox 444 1415 3020 1507; baseline -0 -23"><span class='ocrx_word' id='word_1_66' title='bbox 444 1418 618 1486; x_wconf 92' lang='lat' dir='ltr'>tium</span> <span class='ocrx_word' id='word_1_67' title='bbox 644 1419 948 1485; x_wconf 88' lang='lat' dir='ltr'>ferarum</span> <span class='ocrx_word' id='word_1_68' title='bbox 975 1424 1164 1485; x_wconf 90' lang='lat' dir='ltr'>tanta</span> <span class='ocrx_word' id='word_1_69' title='bbox 1200 1423 1303 1485; x_wconf 87' lang='lat' dir='ltr'>est</span> <span class='ocrx_word' id='word_1_70' title='bbox 1344 1415 1739 1500; x_wconf 89' lang='lat' dir='ltr'>multitudo,</span> <span class='ocrx_word' id='word_1_71' title='bbox 1769 1423 1848 1483; x_wconf 92' lang='lat' dir='ltr'>ut</span> <span class='ocrx_word' id='word_1_72' title='bbox 1881 1416 2180 1507; x_wconf 90' lang='lat' dir='ltr'>plurima</span> <span class='ocrx_word' id='word_1_73' title='bbox 2206 1438 2364 1505; x_wconf 92' lang='lat' dir='ltr'>pars</span> <span class='ocrx_word' id='word_1_74' title='bbox 2396 1415 2700 1504; x_wconf 81' lang='lat' dir='ltr'>regionis</span> <span class='ocrx_word' id='word_1_75' title='bbox 2728 1439 2812 1483; x_wconf 65' lang='lat' dir='ltr'>eu</span> <span class='ocrx_word' id='word_1_76' title='bbox 2856 1419 3020 1483; x_wconf 79' lang='lat' dir='ltr'>sutis</span> 
     </span>
     <span class='ocr_line' id='line_1_15' title="bbox 443 1533 1484 1622; baseline -0.001 -23"><span class='ocrx_word' id='word_1_77' title='bbox 443 1533 686 1601; x_wconf 90' lang='lat' dir='ltr'>vivant</span> <span class='ocrx_word' id='word_1_78' title='bbox 722 1533 1052 1601; x_wconf 85' lang='lat' dir='ltr'>silvaticis</span> <span class='ocrx_word' id='word_1_79' title='bbox 1098 1561 1130 1596; x_wconf 86' lang='lat'>»</span> <span class='ocrx_word' id='word_1_80' title='bbox 1169 1533 1312 1622; x_wconf 86' lang='lat' dir='ltr'>(IV,</span> <span class='ocrx_word' id='word_1_81' title='bbox 1346 1533 1484 1622; x_wconf 84' lang='lat'>31).</span> 
     </span>
    </p>

    <p class='ocr_par' dir='ltr' id='par_1_6' title="bbox 437 1647 3024 2545">
     <span class='ocr_line' id='line_1_16' title="bbox 538 1647 3020 1739; baseline 0 -24"><span class='ocrx_word' id='word_1_82' title='bbox 538 1650 624 1715; x_wconf 89' lang='lat' dir='ltr'>Et</span> <span class='ocrx_word' id='word_1_83' title='bbox 683 1651 860 1738; x_wconf 88' lang='lat' dir='ltr'>jam,</span> <span class='ocrx_word' id='word_1_84' title='bbox 915 1672 1068 1738; x_wconf 84' lang='lat' dir='ltr'>quae</span> <span class='ocrx_word' id='word_1_85' title='bbox 1125 1649 1262 1717; x_wconf 89' lang='lat' dir='ltr'>sint</span> <span class='ocrx_word' id='word_1_86' title='bbox 1312 1647 1456 1717; x_wconf 87' lang='lat' dir='ltr'>fera</span> <span class='ocrx_word' id='word_1_87' title='bbox 1517 1648 1638 1715; x_wconf 87' lang='lat' dir='ltr'>illa</span> <span class='ocrx_word' id='word_1_88' title='bbox 1691 1647 2043 1731; x_wconf 88' lang='lat' dir='ltr'>animalia,</span> <span class='ocrx_word' id='word_1_89' title='bbox 2101 1671 2137 1714; x_wconf 92' lang='lat' dir='ltr'>e</span> <span class='ocrx_word' id='word_1_90' title='bbox 2205 1647 2453 1738; x_wconf 91' lang='lat' dir='ltr'>quibus</span> <span class='ocrx_word' id='word_1_91' title='bbox 2516 1648 2812 1739; x_wconf 77' lang='lat' dir='ltr'>plurima</span> <span class='ocrx_word' id='word_1_92' title='bbox 2864 1671 3020 1739; x_wconf 76' lang='lat' dir='ltr'>pars</span> 
     </span>
     <span class='ocr_line' id='line_1_17' title="bbox 443 1762 3024 1854; baseline 0 -24"><span class='ocrx_word' id='word_1_93' title='bbox 443 1763 753 1853; x_wconf 83' lang='lat' dir='ltr'>regionis</span> <span class='ocrx_word' id='word_1_94' title='bbox 792 1763 1053 1846; x_wconf 88' lang='lat' dir='ltr'>vivant,</span> <span class='ocrx_word' id='word_1_95' title='bbox 1091 1770 1435 1832; x_wconf 89' lang='lat' dir='ltr'>memorat</span> <span class='ocrx_word' id='word_1_96' title='bbox 1472 1763 1811 1847; x_wconf 80' lang='lat' dir='ltr'>AdamuS,</span> <span class='ocrx_word' id='word_1_97' title='bbox 1843 1766 1982 1832; x_wconf 90' lang='lat' dir='ltr'>alia</span> <span class='ocrx_word' id='word_1_98' title='bbox 2019 1762 2385 1852; x_wconf 84' lang='lat' dir='ltr'>Norvegiae</span> <span class='ocrx_word' id='word_1_99' title='bbox 2427 1763 2720 1854; x_wconf 68' lang='lat' dir='ltr'>propriu,</span> <span class='ocrx_word' id='word_1_100' title='bbox 2768 1771 3024 1831; x_wconf 26' lang='lat' dir='ltr'>cetera-v</span> 
     </span>
     <span class='ocr_line' id='line_1_18' title="bbox 442 1877 3020 1970; baseline 0.001 -25"><span class='ocrx_word' id='word_1_101' title='bbox 442 1901 601 1946; x_wconf 92' lang='lat' dir='ltr'>rum</span> <span class='ocrx_word' id='word_1_102' title='bbox 628 1879 998 1968; x_wconf 88' lang='lat' dir='ltr'>regionum</span> <span class='ocrx_word' id='word_1_103' title='bbox 1035 1879 1171 1947; x_wconf 88' lang='lat' dir='ltr'>alia</span> <span class='ocrx_word' id='word_1_104' title='bbox 1216 1901 1231 1948; x_wconf 90' lang='lat'><strong>:</strong></span> <span class='ocrx_word' id='word_1_105' title='bbox 1279 1907 1310 1941; x_wconf 93' lang='lat'>«</span> <span class='ocrx_word' id='word_1_106' title='bbox 1356 1879 1459 1947; x_wconf 94' lang='lat' dir='ltr'>Ibi</span> <span class='ocrx_word' id='word_1_107' title='bbox 1501 1879 1864 1970; x_wconf 90' lang='lat' dir='ltr'>capiuntur</span> <span class='ocrx_word' id='word_1_108' title='bbox 1901 1879 2034 1962; x_wconf 92' lang='lat' dir='ltr'>uri,</span> <span class='ocrx_word' id='word_1_109' title='bbox 2081 1877 2312 1946; x_wconf 87' lang='lat' dir='ltr'>bubali</span> <span class='ocrx_word' id='word_1_110' title='bbox 2355 1888 2422 1946; x_wconf 89' lang='lat' dir='ltr'>et</span> <span class='ocrx_word' id='word_1_111' title='bbox 2452 1880 2696 1959; x_wconf 72' lang='lat' dir='ltr'>elaces,</span> <span class='ocrx_word' id='word_1_112' title='bbox 2740 1879 2916 1947; x_wconf 76' lang='lat' dir='ltr'>sicut</span> <span class='ocrx_word' id='word_1_113' title='bbox 2948 1883 3020 1947; x_wconf 89' lang='lat' dir='ltr'>iu</span> 
     </span>
     <span class='ocr_line' id='line_1_19' title="bbox 442 1994 3016 2084; baseline 0.001 -24"><span class='ocrx_word' id='word_1_114' title='bbox 442 1994 780 2078; x_wconf 77' lang='lat' dir='ltr'>Sueonia3</span> <span class='ocrx_word' id='word_1_115' title='bbox 826 2003 1130 2062; x_wconf 87' lang='lat' dir='ltr'>ceterum</span> <span class='ocrx_word' id='word_1_116' title='bbox 1169 1994 1476 2062; x_wconf 81' lang='lat' dir='ltr'>bisontes</span> <span class='ocrx_word' id='word_1_117' title='bbox 1515 1995 1881 2084; x_wconf 88' lang='lat' dir='ltr'>capiuntur</span> <span class='ocrx_word' id='word_1_118' title='bbox 1918 1995 1990 2061; x_wconf 91' lang='lat' dir='ltr'>in</span> <span class='ocrx_word' id='word_1_119' title='bbox 2026 1994 2391 2062; x_wconf 87' lang='lat' dir='ltr'>Sclavenia</span> <span class='ocrx_word' id='word_1_120' title='bbox 2443 2003 2508 2061; x_wconf 92' lang='lat' dir='ltr'>et</span> <span class='ocrx_word' id='word_1_121' title='bbox 2541 1995 2824 2075; x_wconf 73' lang='lat' dir='ltr'>Russiu;</span> <span class='ocrx_word' id='word_1_122' title='bbox 2872 1995 3016 2063; x_wconf 77' lang='lat' dir='ltr'>sula</span> 
     </span>
     <span class='ocr_line' id='line_1_20' title="bbox 442 2108 3016 2200; baseline 0 -25"><span class='ocrx_word' id='word_1_123' title='bbox 442 2131 607 2176; x_wconf 92' lang='lat' dir='ltr'>vero</span> <span class='ocrx_word' id='word_1_124' title='bbox 655 2108 1087 2177; x_wconf 87' lang='lat' dir='ltr'>Normannia</span> <span class='ocrx_word' id='word_1_125' title='bbox 1145 2110 1387 2200; x_wconf 89' lang='lat' dir='ltr'>vulpes</span> <span class='ocrx_word' id='word_1_126' title='bbox 1440 2109 1651 2178; x_wconf 90' lang='lat' dir='ltr'>habet</span> <span class='ocrx_word' id='word_1_127' title='bbox 1697 2110 1936 2199; x_wconf 88' lang='lat' dir='ltr'>nigros</span> <span class='ocrx_word' id='word_1_128' title='bbox 1969 2112 2053 2197; x_wconf 66' lang='lat' dir='ltr'>{et</span> <span class='ocrx_word' id='word_1_129' title='bbox 2091 2110 2386 2199; x_wconf 77' lang='lat' dir='ltr'>leporeS,</span> <span class='ocrx_word' id='word_1_130' title='bbox 2427 2119 2764 2177; x_wconf 74' lang='lat' dir='ltr'>martures</span> <span class='ocrx_word' id='word_1_131' title='bbox 2828 2111 3016 2179; x_wconf 77' lang='lat' dir='ltr'>albus</span> 
     </span>
     <span class='ocr_line' id='line_1_21' title="bbox 441 2224 3020 2315; baseline 0 -24"><span class='ocrx_word' id='word_1_132' title='bbox 441 2224 894 2315; x_wconf 88' lang='lat' dir='ltr'>ejusdemque</span> <span class='ocrx_word' id='word_1_133' title='bbox 933 2224 1186 2293; x_wconf 91' lang='lat' dir='ltr'>coloris</span> <span class='ocrx_word' id='word_1_134' title='bbox 1226 2247 1451 2310; x_wconf 81' lang='lat' dir='ltr'>urSOS,</span> <span class='ocrx_word' id='word_1_135' title='bbox 1489 2224 1606 2315; x_wconf 90' lang='lat' dir='ltr'>qui</span> <span class='ocrx_word' id='word_1_136' title='bbox 1653 2224 1779 2292; x_wconf 88' lang='lat' dir='ltr'>sub</span> <span class='ocrx_word' id='word_1_137' title='bbox 1831 2246 2011 2314; x_wconf 87' lang='lat' dir='ltr'>aqua</span> <span class='ocrx_word' id='word_1_138' title='bbox 2055 2224 2295 2291; x_wconf 89' lang='lat' dir='ltr'>vivunt</span> <span class='ocrx_word' id='word_1_139' title='bbox 2329 2225 2912 2314; x_wconf 77' lang='lat' dir='ltr'>quemadmodum</span> <span class='ocrx_word' id='word_1_140' title='bbox 2952 2231 3020 2291; x_wconf 71' lang='lat' dir='ltr'>et</span> 
     </span>
     <span class='ocr_line' id='line_1_22' title="bbox 444 2338 3020 2431; baseline 0 -25"><span class='ocrx_word' id='word_1_141' title='bbox 444 2339 550 2406; x_wconf 90' lang='lat' dir='ltr'>uri</span> <span class='ocrx_word' id='word_1_142' title='bbox 585 2367 619 2403; x_wconf 88' lang='lat'>»</span> <span class='ocrx_word' id='word_1_143' title='bbox 652 2340 804 2429; x_wconf 87' lang='lat' dir='ltr'>(IV,</span> <span class='ocrx_word' id='word_1_144' title='bbox 840 2340 977 2431; x_wconf 81' lang='lat'>31).</span> <span class='ocrx_word' id='word_1_145' title='bbox 1016 2339 1147 2410; x_wconf 93' lang='lat' dir='ltr'>Ubi</span> <span class='ocrx_word' id='word_1_146' title='bbox 1172 2339 1482 2407; x_wconf 87' lang='lat' dir='ltr'>Adamus</span> <span class='ocrx_word' id='word_1_147' title='bbox 1508 2338 1825 2406; x_wconf 89' lang='lat' dir='ltr'>Solinum</span> <span class='ocrx_word' id='word_1_148' title='bbox 1849 2339 1933 2407; x_wconf 91' lang='lat' dir='ltr'>de</span> <span class='ocrx_word' id='word_1_149' title='bbox 1961 2339 2348 2407; x_wconf 63' lang='lat' dir='ltr'>Germanias</span> <span class='ocrx_word' id='word_1_150' title='bbox 2379 2340 2542 2407; x_wconf 85' lang='lat' dir='ltr'>feris</span> <span class='ocrx_word' id='word_1_151' title='bbox 2569 2342 3020 2407; x_wconf 74' lang='lat' dir='ltr'>disserentem</span> 
     </span>
     <span class='ocr_line' id='line_1_23' title="bbox 437 2454 2070 2545; baseline -0.001 -23"><span class='ocrx_word' id='word_1_152' title='bbox 437 2454 618 2545; x_wconf 90' lang='lat' dir='ltr'>(cap.</span> <span class='ocrx_word' id='word_1_153' title='bbox 673 2454 820 2543; x_wconf 85' lang='lat' dir='ltr'>xx),</span> <span class='ocrx_word' id='word_1_154' title='bbox 863 2477 1001 2523; x_wconf 91' lang='lat' dir='ltr'>non</span> <span class='ocrx_word' id='word_1_155' title='bbox 1043 2454 1273 2523; x_wconf 89' lang='lat' dir='ltr'>stricte</span> <span class='ocrx_word' id='word_1_156' title='bbox 1307 2463 1562 2538; x_wconf 84' lang='lat' dir='ltr'>tamen,</span> <span class='ocrx_word' id='word_1_157' title='bbox 1600 2462 1872 2522; x_wconf 91' lang='lat' dir='ltr'>secutus</span> <span class='ocrx_word' id='word_1_158' title='bbox 1908 2463 2070 2522; x_wconf 82' lang='lat' dir='ltr'>est¹.</span> 
     </span>
    </p>

    <p class='ocr_par' dir='ltr' id='par_1_7' title="bbox 439 2569 3016 3699">
     <span class='ocr_line' id='line_1_24' title="bbox 529 2569 3016 2661; baseline 0.001 -25"><span class='ocrx_word' id='word_1_159' title='bbox 529 2570 789 2638; x_wconf 90' lang='lat' dir='ltr'>Intuitu</span> <span class='ocrx_word' id='word_1_160' title='bbox 814 2570 1029 2660; x_wconf 91' lang='lat' dir='ltr'>igitur</span> <span class='ocrx_word' id='word_1_161' title='bbox 1054 2593 1290 2637; x_wconf 88' lang='lat' dir='ltr'>rerum</span> <span class='ocrx_word' id='word_1_162' title='bbox 1332 2569 1786 2660; x_wconf 90' lang='lat' dir='ltr'>sagacissimo</span> <span class='ocrx_word' id='word_1_163' title='bbox 1822 2569 2242 2661; x_wconf 88' lang='lat' dir='ltr'>pastoralem</span> <span class='ocrx_word' id='word_1_164' title='bbox 2262 2571 2477 2639; x_wconf 88' lang='lat' dir='ltr'>vitam</span> <span class='ocrx_word' id='word_1_165' title='bbox 2514 2575 2824 2639; x_wconf 77' lang='lat' dir='ltr'>eamdem</span> <span class='ocrx_word' id='word_1_166' title='bbox 2864 2595 3016 2659; x_wconf 77' lang='lat' dir='ltr'>per-</span> 
     </span>
     <span class='ocr_line' id='line_1_25' title="bbox 445 2686 3016 2776; baseline -0.001 -23"><span class='ocrx_word' id='word_1_167' title='bbox 445 2692 654 2776; x_wconf 90' lang='lat' dir='ltr'>petuo</span> <span class='ocrx_word' id='word_1_168' title='bbox 677 2707 957 2754; x_wconf 90' lang='lat' dir='ltr'>manere</span> <span class='ocrx_word' id='word_1_169' title='bbox 980 2695 1208 2753; x_wconf 82' lang='lat' dir='ltr'>mente</span> <span class='ocrx_word' id='word_1_170' title='bbox 1230 2686 1541 2775; x_wconf 89' lang='lat' dir='ltr'>concepit</span> <span class='ocrx_word' id='word_1_171' title='bbox 1568 2695 1822 2753; x_wconf 89' lang='lat' dir='ltr'>noster.</span> <span class='ocrx_word' id='word_1_172' title='bbox 1850 2686 2189 2754; x_wconf 90' lang='lat' dir='ltr'>Eamdem</span> <span class='ocrx_word' id='word_1_173' title='bbox 2212 2686 2397 2754; x_wconf 91' lang='lat' dir='ltr'>enim</span> <span class='ocrx_word' id='word_1_174' title='bbox 2417 2688 2558 2753; x_wconf 88' lang='lat' dir='ltr'>fere</span> <span class='ocrx_word' id='word_1_175' title='bbox 2587 2708 2664 2755; x_wconf 88' lang='lat' dir='ltr'>ac</span> <span class='ocrx_word' id='word_1_176' title='bbox 2688 2687 3016 2775; x_wconf 70' lang='lat' dir='ltr'>Nervugii</span> 
     </span>
     <span class='ocr_line' id='line_1_26' title="bbox 449 2800 3016 2893; baseline 0 -25"><span class='ocrx_word' id='word_1_177' title='bbox 449 2801 658 2870; x_wconf 85' lang='lat' dir='ltr'>vitam</span> <span class='ocrx_word' id='word_1_178' title='bbox 681 2801 942 2871; x_wconf 84' lang='lat' dir='ltr'>Arabes</span> <span class='ocrx_word' id='word_1_179' title='bbox 969 2810 1035 2870; x_wconf 90' lang='lat' dir='ltr'>et</span> <span class='ocrx_word' id='word_1_180' title='bbox 1061 2800 1211 2869; x_wconf 88' lang='lat' dir='ltr'>Heb</span> <span class='ocrx_word' id='word_1_181' title='bbox 1223 2800 1332 2868; x_wconf 81' lang='lat' dir='ltr'>raei</span> <span class='ocrx_word' id='word_1_182' title='bbox 1355 2800 1770 2892; x_wconf 85' lang='lat' dir='ltr'>patriarchae</span> <span class='ocrx_word' id='word_1_183' title='bbox 1798 2802 2117 2891; x_wconf 82' lang='lat' dir='ltr'>agebant,</span> <span class='ocrx_word' id='word_1_184' title='bbox 2141 2803 2453 2893; x_wconf 90' lang='lat' dir='ltr'>quamvis</span> <span class='ocrx_word' id='word_1_185' title='bbox 2475 2801 2608 2869; x_wconf 90' lang='lat' dir='ltr'>alia</span> <span class='ocrx_word' id='word_1_186' title='bbox 2640 2803 2712 2868; x_wconf 92' lang='lat' dir='ltr'>iu</span> <span class='ocrx_word' id='word_1_187' title='bbox 2736 2803 3016 2892; x_wconf 71' lang='lat' dir='ltr'>reginus</span> 
     </span>
     <span class='ocr_line' id='line_1_27' title="bbox 441 2917 3012 3008; baseline -0.001 -22"><span class='ocrx_word' id='word_1_188' title='bbox 441 2917 716 3008; x_wconf 89' lang='lat' dir='ltr'>aliaque</span> <span class='ocrx_word' id='word_1_189' title='bbox 751 2924 952 3007; x_wconf 90' lang='lat' dir='ltr'>gente</span> <span class='ocrx_word' id='word_1_190' title='bbox 985 2917 1142 2984; x_wconf 89' lang='lat' dir='ltr'>orti.</span> <span class='ocrx_word' id='word_1_191' title='bbox 1183 2917 1395 3006; x_wconf 87' lang='lat' dir='ltr'>Cujus</span> <span class='ocrx_word' id='word_1_192' title='bbox 1426 2918 1586 2986; x_wconf 81' lang='lat' dir='ltr'>vitae</span> <span class='ocrx_word' id='word_1_193' title='bbox 1627 2919 1903 3007; x_wconf 91' lang='lat' dir='ltr'>generis</span> <span class='ocrx_word' id='word_1_194' title='bbox 1936 2917 2448 3007; x_wconf 88' lang='lat' dir='ltr'>simplicitatem</span> <span class='ocrx_word' id='word_1_195' title='bbox 2474 2917 3012 3008; x_wconf 64' lang='lat' dir='ltr'>dignitatemque</span> 
     </span>
     <span class='ocr_line' id='line_1_28' title="bbox 439 3031 3008 3124; baseline 0 -25"><span class='ocrx_word' id='word_1_196' title='bbox 439 3033 760 3101; x_wconf 88' lang='lat' dir='ltr'>laudibus</span> <span class='ocrx_word' id='word_1_197' title='bbox 788 3033 1077 3115; x_wconf 80' lang='lat' dir='ltr'>extollit,</span> <span class='ocrx_word' id='word_1_198' title='bbox 1112 3031 1359 3122; x_wconf 91' lang='lat' dir='ltr'>quippe</span> <span class='ocrx_word' id='word_1_199' title='bbox 1393 3033 1577 3123; x_wconf 90' lang='lat' dir='ltr'>quod</span> <span class='ocrx_word' id='word_1_200' title='bbox 1616 3056 1856 3101; x_wconf 91' lang='lat' dir='ltr'>omnes</span> <span class='ocrx_word' id='word_1_201' title='bbox 1895 3032 2177 3101; x_wconf 88' lang='lat' dir='ltr'>vivendi</span> <span class='ocrx_word' id='word_1_202' title='bbox 2212 3032 2640 3100; x_wconf 90' lang='lat' dir='ltr'>conditiones</span> <span class='ocrx_word' id='word_1_203' title='bbox 2676 3044 3008 3124; x_wconf 58' lang='lat' dir='ltr'>uariaquet.</span> 
     </span>
     <span class='ocr_line' id='line_1_29' title="bbox 442 3147 3012 3240; baseline -0.002 -25"><span class='ocrx_word' id='word_1_204' title='bbox 442 3150 764 3215; x_wconf 80' lang='lat' dir='ltr'>Attamen</span> <span class='ocrx_word' id='word_1_205' title='bbox 794 3149 1158 3238; x_wconf 81' lang='lat' dir='ltr'>Norvegiae</span> <span class='ocrx_word' id='word_1_206' title='bbox 1191 3147 1455 3239; x_wconf 91' lang='lat' dir='ltr'>populi,</span> <span class='ocrx_word' id='word_1_207' title='bbox 1490 3157 1735 3239; x_wconf 82' lang='lat' dir='ltr'>praeter</span> <span class='ocrx_word' id='word_1_208' title='bbox 1762 3149 2102 3240; x_wconf 81' lang='lat' dir='ltr'>pecudum</span> <span class='ocrx_word' id='word_1_209' title='bbox 2132 3170 2392 3230; x_wconf 89' lang='lat' dir='ltr'>curam,</span> <span class='ocrx_word' id='word_1_210' title='bbox 2427 3148 2788 3234; x_wconf 77' lang='lat' dir='ltr'>piraticam</span> <span class='ocrx_word' id='word_1_211' title='bbox 2820 3152 3012 3216; x_wconf 68' lang='lat' dir='ltr'>navi-</span> 
     </span>
     <span class='ocr_line' id='line_1_30' title="bbox 443 3263 3004 3351; baseline -0.001 -21"><span class='ocrx_word' id='word_1_212' title='bbox 443 3263 793 3351; x_wconf 89' lang='lat' dir='ltr'>gationem</span> <span class='ocrx_word' id='word_1_213' title='bbox 833 3274 1174 3348; x_wconf 82' lang='lat' dir='ltr'>exercent,</span> <span class='ocrx_word' id='word_1_214' title='bbox 1217 3264 1302 3332; x_wconf 92' lang='lat' dir='ltr'>ob</span> <span class='ocrx_word' id='word_1_215' title='bbox 1346 3263 1476 3331; x_wconf 89' lang='lat' dir='ltr'>soli</span> <span class='ocrx_word' id='word_1_216' title='bbox 1526 3264 1984 3344; x_wconf 84' lang='lat' dir='ltr'>sterilitatem,</span> <span class='ocrx_word' id='word_1_217' title='bbox 2032 3273 2107 3330; x_wconf 88' lang='lat' dir='ltr'>ut</span> <span class='ocrx_word' id='word_1_218' title='bbox 2148 3263 2633 3331; x_wconf 87' lang='lat' dir='ltr'>animadvertit</span> <span class='ocrx_word' id='word_1_219' title='bbox 2672 3264 3004 3344; x_wconf 47' lang='lat' dir='ltr'>fidamus,</span> 
     </span>
     <span class='ocr_line' id='line_1_31' title="bbox 444 3379 3012 3471; baseline 0 -27"><span class='ocrx_word' id='word_1_220' title='bbox 444 3379 850 3446; x_wconf 88' lang='lat' dir='ltr'>necessitate</span> <span class='ocrx_word' id='word_1_221' title='bbox 934 3379 1232 3471; x_wconf 86' lang='lat' dir='ltr'>quadam</span> <span class='ocrx_word' id='word_1_222' title='bbox 1300 3379 1541 3447; x_wconf 91' lang='lat' dir='ltr'>coacti.</span> <span class='ocrx_word' id='word_1_223' title='bbox 1613 3379 1692 3445; x_wconf 92' lang='lat' dir='ltr'>In</span> <span class='ocrx_word' id='word_1_224' title='bbox 1768 3387 2079 3446; x_wconf 82' lang='lat' dir='ltr'>extrema</span> <span class='ocrx_word' id='word_1_225' title='bbox 2148 3383 2428 3447; x_wconf 90' lang='lat' dir='ltr'>tandem</span> <span class='ocrx_word' id='word_1_226' title='bbox 2500 3380 3012 3469; x_wconf 68' lang='lat' dir='ltr'>septentrionali</span> 
     </span>
     <span class='ocr_line' id='line_1_32' title="bbox 443 3493 3012 3585; baseline 0 -26"><span class='ocrx_word' id='word_1_227' title='bbox 443 3493 749 3582; x_wconf 89' lang='lat' dir='ltr'>regione,</span> <span class='ocrx_word' id='word_1_228' title='bbox 795 3494 1159 3562; x_wconf 87' lang='lat' dir='ltr'>venatione</span> <span class='ocrx_word' id='word_1_229' title='bbox 1202 3495 1503 3562; x_wconf 89' lang='lat' dir='ltr'>aluntur.</span> <span class='ocrx_word' id='word_1_230' title='bbox 1560 3495 1931 3585; x_wconf 90' lang='lat' dir='ltr'>Perspicue</span> <span class='ocrx_word' id='word_1_231' title='bbox 1972 3515 2135 3582; x_wconf 90' lang='lat' dir='ltr'>ergo</span> <span class='ocrx_word' id='word_1_232' title='bbox 2169 3493 2660 3561; x_wconf 87' lang='lat' dir='ltr'>discriminavit</span> <span class='ocrx_word' id='word_1_233' title='bbox 2704 3496 3012 3560; x_wconf 46' lang='lat' dir='ltr'>radamus</span> 
     </span>
     <span class='ocr_line' id='line_1_33' title="bbox 445 3608 3004 3699; baseline -0.001 -25"><span class='ocrx_word' id='word_1_234' title='bbox 445 3608 575 3676; x_wconf 89' lang='lat' dir='ltr'>tria</span> <span class='ocrx_word' id='word_1_235' title='bbox 600 3609 872 3680; x_wconf 89' lang='lat' dir='ltr'>vivendi</span> <span class='ocrx_word' id='word_1_236' title='bbox 901 3609 1288 3699; x_wconf 87' lang='lat' dir='ltr'>agendique</span> <span class='ocrx_word' id='word_1_237' title='bbox 1312 3631 1591 3698; x_wconf 89' lang='lat' dir='ltr'>genera,</span> <span class='ocrx_word' id='word_1_238' title='bbox 1619 3631 1999 3699; x_wconf 87' lang='lat' dir='ltr'>eorumque</span> <span class='ocrx_word' id='word_1_239' title='bbox 2022 3632 2180 3676; x_wconf 91' lang='lat' dir='ltr'>cum</span> <span class='ocrx_word' id='word_1_240' title='bbox 2211 3618 2399 3677; x_wconf 87' lang='lat' dir='ltr'>terra</span> <span class='ocrx_word' id='word_1_241' title='bbox 2431 3610 2860 3678; x_wconf 71' lang='lat' dir='ltr'>convenienti</span> <span class='ocrx_word' id='word_1_242' title='bbox 2872 3632 3004 3676; x_wconf 76' lang='lat' dir='ltr'>uui.</span> 
     </span>
    </p>
   </div>
   <div class='ocr_carea' id='block_1_6' title="bbox 437 3909 3008 4839">
    <p class='ocr_par' dir='ltr' id='par_1_8' title="bbox 442 3909 3008 4214">
     <span class='ocr_line' id='line_1_34' title="bbox 442 3909 3004 3974; baseline 0.001 -16"><span class='ocrx_word' id='word_1_243' title='bbox 442 3909 596 3960; x_wconf 85' lang='lat' dir='ltr'>valde</span> <span class='ocrx_word' id='word_1_244' title='bbox 631 3911 857 3961; x_wconf 83' lang='lat' dir='ltr'>laborat.</span> <span class='ocrx_word' id='word_1_245' title='bbox 890 3911 1016 3970; x_wconf 79' lang='lat' dir='ltr'>Quoe</span> <span class='ocrx_word' id='word_1_246' title='bbox 1045 3911 1186 3960; x_wconf 91' lang='lat' dir='ltr'>nihil</span> <span class='ocrx_word' id='word_1_247' title='bbox 1221 3910 1369 3960; x_wconf 85' lang='lat' dir='ltr'>aliud</span> <span class='ocrx_word' id='word_1_248' title='bbox 1396 3909 1649 3971; x_wconf 81' lang='lat' dir='ltr'>afferunt,</span> <span class='ocrx_word' id='word_1_249' title='bbox 1676 3913 1877 3974; x_wconf 83' lang='lat' dir='ltr'>praeter</span> <span class='ocrx_word' id='word_1_250' title='bbox 1906 3909 2096 3959; x_wconf 73' lang='lat' dir='ltr'>formae</span> <span class='ocrx_word' id='word_1_251' title='bbox 2128 3912 2449 3971; x_wconf 86' lang='lat' dir='ltr'>novitatem,</span> <span class='ocrx_word' id='word_1_252' title='bbox 2474 3910 2583 3960; x_wconf 90' lang='lat' dir='ltr'>nisi</span> <span class='ocrx_word' id='word_1_253' title='bbox 2613 3910 2792 3960; x_wconf 70' lang='lat' dir='ltr'>fictum</span> <span class='ocrx_word' id='word_1_254' title='bbox 2820 3912 3004 3960; x_wconf 74' lang='lat' dir='ltr'>Rustici</span> 
     </span>
     <span class='ocr_line' id='line_1_35' title="bbox 446 3990 3008 4054; baseline 0 -15"><span class='ocrx_word' id='word_1_255' title='bbox 446 3990 611 4039; x_wconf 89' lang='lat' dir='ltr'>maris</span> <span class='ocrx_word' id='word_1_256' title='bbox 651 4004 774 4040; x_wconf 90' lang='lat' dir='ltr'>cum</span> <span class='ocrx_word' id='word_1_257' title='bbox 816 3990 1263 4040; x_wconf 88' lang='lat' dir='ltr'>meridionalihus</span> <span class='ocrx_word' id='word_1_258' title='bbox 1310 3990 1550 4040; x_wconf 88' lang='lat' dir='ltr'>maribus</span> <span class='ocrx_word' id='word_1_259' title='bbox 1598 3990 2175 4041; x_wconf 87' lang='lat' dir='ltr'>communicationem.</span> <span class='ocrx_word' id='word_1_260' title='bbox 2224 3990 2319 4054; x_wconf 83' lang='lat' dir='ltr'>(Cf.</span> <span class='ocrx_word' id='word_1_261' title='bbox 2367 3990 2613 4049; x_wconf 89' lang='lat' dir='ltr'>Schiern,</span> <span class='ocrx_word' id='word_1_262' title='bbox 2668 3992 2768 4036; x_wconf 63' lang='lat' dir='ltr'>Une</span> <span class='ocrx_word' id='word_1_263' title='bbox 2808 3992 3008 4052; x_wconf 57' lang='lat' dir='ltr'>afuimus</span> 
     </span>
     <span class='ocr_line' id='line_1_36' title="bbox 443 4068 3008 4134; baseline 0.001 -16"><span class='ocrx_word' id='word_1_264' title='bbox 443 4068 892 4134; x_wconf 72' lang='lat' dir='ltr'>ethnoyraphique</span> <span class='ocrx_word' id='word_1_265' title='bbox 921 4071 984 4120; x_wconf 88' lang='lat' dir='ltr'>de</span> <span class='ocrx_word' id='word_1_266' title='bbox 1014 4070 1331 4134; x_wconf 65' lang='lat' dir='ltr'>l’antiquitd,</span> <span class='ocrx_word' id='word_1_267' title='bbox 1363 4071 1513 4120; x_wconf 63' lang='lat' dir='ltr'>Mem.</span> <span class='ocrx_word' id='word_1_268' title='bbox 1538 4071 1651 4120; x_wconf 87' lang='lat' dir='ltr'>Soc.</span> <span class='ocrx_word' id='word_1_269' title='bbox 1689 4070 1868 4134; x_wconf 81' lang='lat' dir='ltr'>Antiq.</span> <span class='ocrx_word' id='word_1_270' title='bbox 1896 4069 2061 4130; x_wconf 74' lang='lat' dir='ltr'>Nor-d,</span> <span class='ocrx_word' id='word_1_271' title='bbox 2100 4073 2329 4132; x_wconf 84' lang='lat'>1878-83,</span> <span class='ocrx_word' id='word_1_272' title='bbox 2358 4083 2412 4134; x_wconf 90' lang='lat' dir='ltr'>p.</span> <span class='ocrx_word' id='word_1_273' title='bbox 2437 4073 2548 4131; x_wconf 81' lang='lat'>245,</span> <span class='ocrx_word' id='word_1_274' title='bbox 2577 4071 2629 4120; x_wconf 87' lang='lat' dir='ltr'>et</span> <span class='ocrx_word' id='word_1_275' title='bbox 2656 4072 2712 4120; x_wconf 66' lang='lat' dir='ltr'><strong>&#39;&#39;v‘-</strong></span> <span class='ocrx_word' id='word_1_276' title='bbox 2748 4072 2812 4120; x_wconf 74' lang='lat' dir='ltr'>de</span> <span class='ocrx_word' id='word_1_277' title='bbox 2832 4072 3008 4120; x_wconf 70' lang='lat' dir='ltr'>Saint-</span> 
     </span>
     <span class='ocr_line' id='line_1_37' title="bbox 442 4150 1028 4214; baseline 0.002 -15"><span class='ocrx_word' id='word_1_278' title='bbox 442 4150 657 4212; x_wconf 84' lang='lat' dir='ltr'>Martin,</span> <span class='ocrx_word' id='word_1_279' title='bbox 688 4165 741 4214; x_wconf 90' lang='lat' dir='ltr'>p.</span> <span class='ocrx_word' id='word_1_280' title='bbox 779 4154 1028 4214; x_wconf 69' lang='lat' dir='ltr'>lic-177).</span> 
     </span>
    </p>

    <p class='ocr_par' dir='ltr' id='par_1_9' title="bbox 437 4230 3008 4839">
     <span class='ocr_line' id='line_1_38' title="bbox 510 4230 3008 4296; baseline 0.001 -18"><span class='ocrx_word' id='word_1_281' title='bbox 510 4235 553 4278; x_wconf 93' lang='lat'>1.</span> <span class='ocrx_word' id='word_1_282' title='bbox 580 4231 825 4295; x_wconf 77' lang='lat' dir='ltr'>Macoudi</span> <span class='ocrx_word' id='word_1_283' title='bbox 852 4230 1066 4295; x_wconf 86' lang='lat' dir='ltr'>vulpem</span> <span class='ocrx_word' id='word_1_284' title='bbox 1101 4230 1314 4294; x_wconf 85' lang='lat' dir='ltr'>nigram</span> <span class='ocrx_word' id='word_1_285' title='bbox 1334 4231 1584 4296; x_wconf 88' lang='lat' dir='ltr'>designat</span> <span class='ocrx_word' id='word_1_286' title='bbox 1613 4232 1757 4282; x_wconf 89' lang='lat' dir='ltr'>inter</span> <span class='ocrx_word' id='word_1_287' title='bbox 1779 4231 1949 4294; x_wconf 90' lang='lat' dir='ltr'>pelles</span> <span class='ocrx_word' id='word_1_288' title='bbox 1981 4244 2115 4294; x_wconf 87' lang='lat' dir='ltr'>quas</span> <span class='ocrx_word' id='word_1_289' title='bbox 2145 4230 2212 4279; x_wconf 85' lang='lat' dir='ltr'>ab</span> <span class='ocrx_word' id='word_1_290' title='bbox 2245 4230 2530 4294; x_wconf 88' lang='lat' dir='ltr'>Aquilonis</span> <span class='ocrx_word' id='word_1_291' title='bbox 2566 4232 2776 4294; x_wconf 77' lang='lat' dir='ltr'>populis</span> <span class='ocrx_word' id='word_1_292' title='bbox 2812 4232 3008 4296; x_wconf 68' lang='lat' dir='ltr'>empti*</span> 
     </span>
     <span class='ocr_line' id='line_1_39' title="bbox 443 4309 3004 4374; baseline -0.002 -15"><span class='ocrx_word' id='word_1_293' title='bbox 443 4312 562 4360; x_wconf 85' lang='lat' dir='ltr'>tant</span> <span class='ocrx_word' id='word_1_294' title='bbox 584 4311 765 4361; x_wconf 85' lang='lat' dir='ltr'>Arabi.</span> <span class='ocrx_word' id='word_1_295' title='bbox 787 4311 915 4370; x_wconf 84' lang='lat' dir='ltr'>Quae</span> <span class='ocrx_word' id='word_1_296' title='bbox 935 4310 1122 4360; x_wconf 85' lang='lat' dir='ltr'>eadem</span> <span class='ocrx_word' id='word_1_297' title='bbox 1139 4313 1224 4361; x_wconf 87' lang='lat' dir='ltr'>est</span> <span class='ocrx_word' id='word_1_298' title='bbox 1251 4326 1312 4361; x_wconf 89' lang='lat' dir='ltr'>ac</span> <span class='ocrx_word' id='word_1_299' title='bbox 1341 4311 1497 4361; x_wconf 78' lang='lat' dir='ltr'>Canis</span> <span class='ocrx_word' id='word_1_300' title='bbox 1522 4311 1701 4374; x_wconf 75' lang='lat' dir='ltr'>vulpes</span> <span class='ocrx_word' id='word_1_301' title='bbox 1731 4311 2057 4373; x_wconf 54' lang='lat' dir='ltr'>amentatus,</span> <span class='ocrx_word' id='word_1_302' title='bbox 2077 4311 2151 4358; x_wconf 89' lang='lat' dir='ltr'>De</span> <span class='ocrx_word' id='word_1_303' title='bbox 2167 4324 2275 4373; x_wconf 81' lang='lat' dir='ltr'>quo</span> <span class='ocrx_word' id='word_1_304' title='bbox 2293 4309 2414 4359; x_wconf 89' lang='lat' dir='ltr'>vide</span> <span class='ocrx_word' id='word_1_305' title='bbox 2430 4309 2613 4370; x_wconf 89' lang='lat' dir='ltr'>Jacob,</span> <span class='ocrx_word' id='word_1_306' title='bbox 2642 4310 2844 4360; x_wconf 61' lang='lat' dir='ltr'>t-l·&#39;st÷.·fss</span> <span class='ocrx_word' id='word_1_307' title='bbox 2864 4312 3004 4360; x_wconf 45' lang='lat' dir='ltr'>sinu*</span> 
     </span>
     <span class='ocr_line' id='line_1_40' title="bbox 440 4388 3004 4455; baseline 0.001 -17"><span class='ocrx_word' id='word_1_308' title='bbox 440 4389 748 4440; x_wconf 76' lang='lat' dir='ltr'>detsartikel</span> <span class='ocrx_word' id='word_1_309' title='bbox 778 4390 998 4455; x_wconf 74' lang='lat' dir='ltr'>bezoqen</span> <span class='ocrx_word' id='word_1_310' title='bbox 1031 4390 1118 4438; x_wconf 79' lang='lat' dir='ltr'>die</span> <span class='ocrx_word' id='word_1_311' title='bbox 1148 4390 1347 4439; x_wconf 82' lang='lat' dir='ltr'>Araber</span> <span class='ocrx_word' id='word_1_312' title='bbox 1376 4406 1472 4440; x_wconf 81' lang='lat' dir='ltr'>ans</span> <span class='ocrx_word' id='word_1_313' title='bbox 1501 4390 1602 4440; x_wconf 80' lang='lat' dir='ltr'>den</span> <span class='ocrx_word' id='word_1_314' title='bbox 1626 4388 2197 4439; x_wconf 73' lang='lat' dir='ltr'>nordisch-baltischen</span> <span class='ocrx_word' id='word_1_315' title='bbox 2236 4389 2496 4449; x_wconf 73' lang='lat' dir='ltr'>Lc’z&#39;ndern,</span> <span class='ocrx_word' id='word_1_316' title='bbox 2530 4405 2582 4453; x_wconf 88' lang='lat' dir='ltr'>p.</span> <span class='ocrx_word' id='word_1_317' title='bbox 2623 4392 2804 4440; x_wconf 62' lang='lat'>24-251.</span> <span class='ocrx_word' id='word_1_318' title='bbox 2852 4392 3004 4452; x_wconf 66' lang='lat' dir='ltr'>Apud</span> 
     </span>
     <span class='ocr_line' id='line_1_41' title="bbox 437 4468 3004 4534; baseline -0.002 -14"><span class='ocrx_word' id='word_1_319' title='bbox 437 4469 721 4531; x_wconf 87' lang='lat' dir='ltr'>Adamum,</span> <span class='ocrx_word' id='word_1_320' title='bbox 746 4473 802 4520; x_wconf 88' lang='lat' dir='ltr'>ut</span> <span class='ocrx_word' id='word_1_321' title='bbox 818 4472 972 4534; x_wconf 88' lang='lat' dir='ltr'>putat</span> <span class='ocrx_word' id='word_1_322' title='bbox 995 4470 1179 4532; x_wconf 89' lang='lat' dir='ltr'>Jacob,</span> <span class='ocrx_word' id='word_1_323' title='bbox 1197 4473 1355 4534; x_wconf 87' lang='lat' dir='ltr'>post:</span> <span class='ocrx_word' id='word_1_324' title='bbox 1380 4470 1458 4519; x_wconf 82' lang='lat' dir='ltr'>Ibi</span> <span class='ocrx_word' id='word_1_325' title='bbox 1481 4471 1780 4533; x_wconf 79' lang='lat' dir='ltr'>capiuntur,</span> <span class='ocrx_word' id='word_1_326' title='bbox 1803 4471 1917 4518; x_wconf 80' lang='lat' dir='ltr'>ursi</span> <span class='ocrx_word' id='word_1_327' title='bbox 1932 4483 2032 4533; x_wconf 90' lang='lat' dir='ltr'>pro</span> <span class='ocrx_word' id='word_1_328' title='bbox 2055 4470 2142 4518; x_wconf 78' lang='lat' dir='ltr'>uri</span> <span class='ocrx_word' id='word_1_329' title='bbox 2166 4468 2585 4519; x_wconf 85' lang='lat' dir='ltr'>emendandum.</span> <span class='ocrx_word' id='word_1_330' title='bbox 2618 4471 2756 4520; x_wconf 76' lang='lat' dir='ltr'>Erus</span> <span class='ocrx_word' id='word_1_331' title='bbox 2776 4472 2828 4520; x_wconf 72' lang='lat' dir='ltr'>ut.</span> <span class='ocrx_word' id='word_1_332' title='bbox 2844 4484 3004 4520; x_wconf 75' lang='lat' dir='ltr'>ursus</span> 
     </span>
     <span class='ocr_line' id='line_1_42' title="bbox 438 4548 3000 4614; baseline -0.002 -14"><span class='ocrx_word' id='word_1_333' title='bbox 438 4549 838 4601; x_wconf 89' lang='lat' dir='ltr'>inconsiderate</span> <span class='ocrx_word' id='word_1_334' title='bbox 882 4551 1160 4600; x_wconf 87' lang='lat' dir='ltr'>auctorem</span> <span class='ocrx_word' id='word_1_335' title='bbox 1195 4553 1446 4600; x_wconf 88' lang='lat' dir='ltr'>nostrum</span> <span class='ocrx_word' id='word_1_336' title='bbox 1483 4549 1871 4614; x_wconf 86' lang='lat' dir='ltr'>permiscuisse</span> <span class='ocrx_word' id='word_1_337' title='bbox 1902 4548 2247 4598; x_wconf 81' lang='lat' dir='ltr'>manifestum</span> <span class='ocrx_word' id='word_1_338' title='bbox 2282 4550 2382 4598; x_wconf 88' lang='lat' dir='ltr'>est.</span> <span class='ocrx_word' id='word_1_339' title='bbox 2421 4549 2543 4598; x_wconf 88' lang='lat' dir='ltr'>Ursi</span> <span class='ocrx_word' id='word_1_340' title='bbox 2584 4548 2688 4597; x_wconf 83' lang='lat' dir='ltr'>alhi</span> <span class='ocrx_word' id='word_1_341' title='bbox 2728 4550 2784 4596; x_wconf 86' lang='lat' dir='ltr'>iu</span> <span class='ocrx_word' id='word_1_342' title='bbox 2816 4548 3000 4596; x_wconf 78' lang='lat' dir='ltr'>multis</span> 
     </span>
     <span class='ocr_line' id='line_1_43' title="bbox 438 4628 3000 4694; baseline -0 -17"><span class='ocrx_word' id='word_1_343' title='bbox 438 4628 718 4691; x_wconf 85' lang='lat' dir='ltr'>Aquilonis</span> <span class='ocrx_word' id='word_1_344' title='bbox 743 4629 961 4691; x_wconf 79' lang='lat' dir='ltr'>tabuliS,</span> <span class='ocrx_word' id='word_1_345' title='bbox 987 4630 1294 4694; x_wconf 80' lang='lat' dir='ltr'>praesertim</span> <span class='ocrx_word' id='word_1_346' title='bbox 1325 4629 1468 4693; x_wconf 89' lang='lat' dir='ltr'>apud</span> <span class='ocrx_word' id='word_1_347' title='bbox 1492 4629 1823 4689; x_wconf 89' lang='lat' dir='ltr'>Dulcertum,</span> <span class='ocrx_word' id='word_1_348' title='bbox 1857 4629 2046 4679; x_wconf 86' lang='lat' dir='ltr'>Olaum</span> <span class='ocrx_word' id='word_1_349' title='bbox 2074 4629 2341 4692; x_wconf 86' lang='lat' dir='ltr'>Magnum,</span> <span class='ocrx_word' id='word_1_350' title='bbox 2370 4631 2494 4690; x_wconf 88' lang='lat' dir='ltr'>etc.,</span> <span class='ocrx_word' id='word_1_351' title='bbox 2526 4628 2904 4692; x_wconf 69' lang='lat' dir='ltr'>depinguntur.</span> <span class='ocrx_word' id='word_1_352' title='bbox 2928 4628 3000 4676; x_wconf 71' lang='lat' dir='ltr'>De</span> 
     </span>
     <span class='ocr_line' id='line_1_44' title="bbox 437 4708 2996 4773; baseline -0 -16"><span class='ocrx_word' id='word_1_353' title='bbox 437 4709 661 4771; x_wconf 91' lang='lat' dir='ltr'>pellium</span> <span class='ocrx_word' id='word_1_354' title='bbox 679 4710 1110 4772; x_wconf 82' lang='lat' dir='ltr'>commerci0,cs.</span> <span class='ocrx_word' id='word_1_355' title='bbox 1138 4709 1448 4770; x_wconf 88' lang='lat' dir='ltr'>Weinhold‚</span> <span class='ocrx_word' id='word_1_356' title='bbox 1475 4709 1874 4759; x_wconf 80' lang='lat' dir='ltr'>Altnordisches</span> <span class='ocrx_word' id='word_1_357' title='bbox 1902 4708 2088 4771; x_wconf 81' lang='lat' dir='ltr'>Leben,</span> <span class='ocrx_word' id='word_1_358' title='bbox 2115 4723 2169 4773; x_wconf 86' lang='lat' dir='ltr'>p.</span> <span class='ocrx_word' id='word_1_359' title='bbox 2196 4713 2283 4760; x_wconf 80' lang='lat'>100</span> <span class='ocrx_word' id='word_1_360' title='bbox 2309 4712 2362 4758; x_wconf 87' lang='lat' dir='ltr'>et</span> <span class='ocrx_word' id='word_1_361' title='bbox 2386 4709 2536 4758; x_wconf 90' lang='lat' dir='ltr'>locos</span> <span class='ocrx_word' id='word_1_362' title='bbox 2563 4722 2628 4758; x_wconf 85' lang='lat' dir='ltr'>ex</span> <span class='ocrx_word' id='word_1_363' title='bbox 2656 4708 2820 4768; x_wconf 52' lang='lat' dir='ltr'>Sages</span> <span class='ocrx_word' id='word_1_364' title='bbox 2848 4708 2916 4756; x_wconf 73' lang='lat' dir='ltr'>ui:-</span> <span class='ocrx_word' id='word_1_365' title='bbox 2936 4724 2996 4756; x_wconf 69' lang='lat' dir='ltr'>eu</span> 
     </span>
     <span class='ocr_line' id='line_1_45' title="bbox 439 4788 660 4839; baseline 0.005 -2"><span class='ocrx_word' id='word_1_366' title='bbox 439 4788 660 4839; x_wconf 86' lang='lat' dir='ltr'>relatos.</span> 
     </span>
    </p>
   </div>
  </div>
 </body>
</html>
