3609 5675
1721 530 2050 592 -10-

683 681 998 750 Adamus
1016 680 1088 749 in
1103 680 1398 750 confinio
1405 679 1781 771 patristicae
1795 679 2242 750 etscolasticae
2260 679 2604 749 dictarum
2621 685 2906 747 aetatum
2917 677 3178 770 ,quoad

598 795 1048 889 geographiae
1100 795 1486 877 scientiam,
1531 817 1684 864 esse
1736 794 2035 864 videtur.
2091 793 2291 878 Quod
2352 803 2625 887 tempus
2674 816 2816 862 non
2853 793 3172 863 absolute

604 911 1202 1003 circumscriptum
1251 920 1319 978 et
1367 910 1720 979 definitum
1757 932 1909 978 esse
1949 909 2300 978 neminem
2343 910 2545 999 fugit.
2598 909 2978 1001 Quousque
3019 932 3175 978 sese

605 1026 933 1096 extendat
983 1049 1137 1118 quae
1186 1026 1440 1097 dicitur
1485 1025 1841 1116 patristica
1898 1036 2067 1095 aetas
2127 1048 2267 1095 non
2327 1026 2496 1094 satis
2548 1028 2893 1106 constat¹;
2947 1026 3178 1117 quoad

601 1142 885 1212 Latinos
913 1142 1151 1210 Patres
1170 1164 1329 1211 cum
1346 1141 1683 1232 Gregorio
1708 1141 1962 1231 Magno
1986 1145 2076 1230 (4-
2093 1142 2278 1230 604),
2303 1151 2377 1209 ut
2405 1141 2682 1233 plurimi
2707 1148 2976 1233 putant,
3005 1141 3184 1210 desi-

602 1258 729 1341 nit,
756 1257 985 1350 quoad
1008 1256 1284 1326 Graecos
1314 1257 1754 1326 cumJoanne
1784 1258 2221 1326 Damasceno
2247 1258 2346 1347 (4-
2379 1260 2556 1344 754).
2595 1257 2976 1326 Scolastica
3005 1280 3169 1326 vero

605 1382 775 1444 aetas
809 1396 851 1441 a
889 1373 1053 1442 XII⁰
1089 1372 1320 1442 seculo
1360 1371 1622 1464 incipit,
1650 1394 1871 1463 quum
1906 1372 2300 1442 Aristotelis
2337 1372 2661 1464 operibus
2700 1383 2890 1442 tanta
2934 1372 3189 1441 mentis

607 1485 973 1579 diligentia
1017 1487 1291 1557 studere
1340 1496 1719 1580 coeperunt.
1765 1488 1981 1558 Juxta
2017 1488 2488 1571 Kretsohmer,
2527 1489 2622 1557 X⁰
2656 1495 2724 1557 et
2748 1489 2874 1558 XI⁰
2917 1488 3186 1557 saeculis

610 1604 1049 1698 potissimum
1067 1603 1467 1697 paucissimi
1491 1602 1940 1673 inveniuntur
1967 1604 2380 1698 geographi3
2415 1626 2551 1698 quo
2571 1604 2850 1697 quidem
2879 1613 3185 1697 tempore

614 1743 836 1789 unum
864 1729 1257 1790 memoratu
1285 1719 1574 1811 dignum
1614 1719 1990 1789 arbitratur
2008 1720 2318 1788 eruditus
2349 1720 2463 1789 ille
2490 1720 2898 1802 Germanus,
2926 1720 3186 1789 scilicet

619 1836 1066 1907 Gerbertum:
1091 1836 1462 1918 Adamum,
1499 1836 1660 1904 licet
1690 1837 1897 1925 longe
1929 1836 2262 1905 Gerberto
2293 1836 2714 1921 inferiorem,
2739 1838 3191 1906 Kretschmer

614 1953 824 2021 citare
883 1960 1175 2043 poterat.
1225 1951 1404 2020 Sane
1463 1950 1639 2019 nihil
1715 1950 2077 2043 proprium
2130 1961 2197 2020 et
2247 1973 2510 2021 novum
2595 1951 2679 2021 de
2756 1951 3186 2043 geographia

611 2067 896 2160 physica
935 2066 1192 2149 scribit,
1239 2066 1360 2133 sed
1388 2088 1529 2134 non
1567 2066 1769 2135 aliter
1790 2067 2108 2158 plerique
2138 2067 2226 2136 ab
2256 2090 2338 2135 eo
2377 2066 2604 2151 citati;
2637 2075 2705 2135 et
2734 2068 3011 2157 dignior
3048 2067 3183 2135 fuit

615 2182 929 2256 Adamus
967 2183 1076 2250 vel
1114 2181 1306 2250 brevi
1350 2181 1723 2265 mentione,
1759 2204 1973 2274 quam
2009 2182 2295 2252 Cosmas
2330 2182 2876 2286 Indioopleustes
2914 2183 3184 2276 prolixa

620 2298 1129 2390 explanatione.
1516 2297 1525 2302 ’

711 2416 884 2496 Quae
916 2413 999 2481 de
1034 2414 1460 2505 geographia
1502 2421 1684 2483 recte
1732 2420 1855 2482 aut
1889 2413 2064 2482 falso
2105 2414 2341 2483 docuit
2378 2416 2691 2484 Adamus
2739 2436 2897 2483 cum
2931 2413 3187 2505 partim

621 2529 709 2598 iis
749 2529 1000 2620 quibus
1038 2529 1218 2597 vixit
1262 2530 1714 2621 temporibus„
1756 2539 1822 2598 et
1856 2529 2109 2621 partim
2140 2530 2226 2598 iis
2270 2553 2307 2599 e
2337 2531 2591 2621 quibus
2619 2530 2855 2599 hausit
2889 2529 3192 2598 fontibus

624 2644 764 2715 sint
803 2644 1233 2728 ascribenda,
1275 2645 1579 2736 primum
1605 2644 2072 2734 expendemus
2093 2668 2246 2736 quae
2281 2645 2538 2714 fuerint
2566 2646 2686 2714 illa
2707 2655 3036 2737 tempora,
3073 2646 3191 2735 qui

625 2761 836 2829 etiam
897 2760 998 2827 illi
1053 2760 1322 2853 scriptis
1377 2769 1497 2829 aut
1550 2760 1780 2829 verbis
1831 2760 2065 2829 traditi
2121 2761 2363 2829 fontes,
2411 2760 2615 2847 Tum,
2668 2763 2832 2853 quia
2887 2760 3196 2829 Adamus

626 2877 961 2947 nonnulla
1010 2877 1152 2945 sive
1208 2876 1291 2945 de
1362 2877 1674 2969 physica,
1736 2868 1879 2946 siv'e
1931 2878 2013 2945 de
2071 2877 2497 2968 geographia
2563 2877 2868 2969 generali
2928 2876 3187 2954 scribit,

627 2993 879 3083 quibus
907 2993 1267 3062 elementis
1295 2993 1654 3084 disciplina
1677 2996 1830 3085 ejus
1857 3000 2123 3062 constet
2154 2992 2573 3061 videbimus.
2606 2995 2969 3063 Postremo
2999 2992 3202 3060 intel·
3230 3009 3240 3018 ·

627 3108 845 3197 ligere
892 3109 1310 3178 tentabimus
1359 3093 1717 3200 quousque
1756 3109 2096 3198 prodeant
2142 3111 2295 3198 ejus
2348 3109 2638 3193 notitiae,
2696 3116 2764 3176 et
2811 3130 3025 3198 quam
3068 3108 3200 3175 for-

628 3242 839 3304 mam,
878 3222 1023 3290 sive
1051 3223 1252 3290 certis
1280 3223 1564 3291 edoctus
1597 3223 2052 3308 documentis,
2085 3223 2232 3291 sive
2266 3245 2448 3291 vana
2477 3223 2756 3292 illectus
2777 3224 3075 3305 fictione,
3110 3223 3196 3290 iis

632 3361 805 3428 quas
875 3337 1195 3406 describit
1264 3339 1661 3429 regionibus
1726 3339 2065 3407 tribuerit.
2112 3338 2426 3430 Denique
2490 3341 2994 3432 geographicas
3047 3343 3198 3431 ejus

631 3453 917 3521 notitias
958 3453 1317 3543 sigillatim
1356 3477 1716 3524 recensere
1781 3464 1847 3523 et
1905 3456 2269 3523 enucleare
2325 3454 2759 3524 conabimur.
3150 3433 3156 3438 ’

702 3656 745 3701 1.
774 3649 1060 3709 Marinelli,
1084 3651 1160 3700 La
1192 3650 1472 3715 Geoqrafi'a
1501 3667 1528 3701 e
1562 3655 1582 3702 z·
1616 3652 1783 3703 Padri
1811 3652 1956 3703 della
1982 3652 2165 3703 Chz’esa
2194 3655 2401 3717 (Roma,
2433 3654 2589 3718 1882),
2620 3667 2673 3718 p.
2710 3656 2815 3704 4-5.
2841 3654 3207 3714 Kretschmer,

660 3730 940 3796 Physische
970 3730 1255 3781 Erdlcunde
1284 3731 1354 3780 im
1381 3732 1715 3796 Mittelalter,
1746 3747 1806 3797 p.
1847 3735 1900 3782 16
1930 3735 2060 3796 etp.
2085 3735 2252 3785 25-27.
2352 3769 2358 3779 .
