3609 5675
1811 581 2132 642 -26-

685 725 937 796 studet.
978 726 1227 795 Orosio
1258 727 1469 796 etiam
1501 728 1738 810 utitur,
1774 730 1976 819 cujus
2003 728 2503 798 Chronioorum
2531 726 2742 795 verba
2769 728 3000 808 refert,
3035 727 3276 797 Panlo

686 841 996 909 Diacono
1037 851 1104 909 et
1162 842 1499 932 Gregorio
1553 844 1935 912 Turonensi
1991 844 2253 935 (forsan
2296 866 2382 912 ex
2425 842 2742 935 Epitome
2796 841 3263 933 Fredegarii).

683 957 747 1023 A
793 955 1166 1038 Macrobio,
1217 959 1415 1048 cujus
1471 958 1834 1027 Somnium
1871 959 2215 1052 Scipionis
2258 958 2443 1044 citat,
2502 958 2822 1049 quaedam
2869 958 2954 1025 de
3003 967 3268 1027 natura

684 1089 917 1139 rerum
956 1079 1337 1140 mutuatur.
1397 1072 1530 1141 Sed
1584 1074 1926 1165 praecipue
1972 1098 2058 1144 ex
2110 1073 2220 1142 his
2271 1073 2574 1143 fontibus
2621 1072 2852 1142 seculo
2909 1073 3038 1141 lx·
3075 1075 3270 1165 prio·

684 1185 899 1272 ribus,
927 1187 1140 1271 Beda,
1172 1189 1544 1257 Martianus
1573 1189 1850 1280 Capella
1867 1202 1932 1258 et
1956 1190 2238 1259 Solinus
2256 1197 2418 1259 sunt
2437 1190 2554 1281 qui
2574 1190 2953 1280 plurimum
2973 1190 3258 1258 Adamo

682 1300 766 1369 de
815 1302 1241 1393 geographia
1294 1304 1619 1373 scribenti
1665 1305 2096 1397 profuerunt.

771 1415 997 1484 Beda¹
1050 1417 1340 1506 scriptor
1392 1418 1520 1486 suit
1569 1441 1862 1488 summae
1898 1420 2349 1490 auctoritatis.
2398 1420 2562 1504 Qui,
2611 1429 2687 1488 ut
2740 1419 2839 1488 ait
2877 1419 3252 1500 Giinther',

681 1530 892 1599 totius
939 1532 1151 1601 medii
1202 1533 1333 1602 aevi
1377 1533 1574 1624 quasi
1612 1545 1998 1626 praeceptor
2037 1535 2183 1603 fuit.
2234 1536 2452 1627 Cujus
2489 1536 2802 1603 Adamus
2842 1534 3016 1603 duas
3057 1556 3257 1604 cotn-

680 1647 1138 1715 mentationes
1182 1655 1524 1717 memorat
1566 1649 1649 1717 de
1702 1650 1764 1718 T
1761 1673 2110 1740 emporum
2153 1651 2421 1718 ratione
2459 1658 2531 1719 et
2567 1651 2651 1718 dc
2689 1653 2954 1719 Natura
2995 1673 3248 1717 rerum.

680 1761 983 1840 Historia
1013 1763 1462 1831 ecclesiastica
1503 1765 1714 1832 semel
1765 1774 2031 1833 tantum
2067 1771 2136 1833 et
2173 1765 2246 1832 in
2271 1765 2567 1836 ,scholiis
2605 1766 2873 1834 citatur.
2921 1764 3128 1832 Liber
3163 1765 3252 1832 de

679 1879 949 1945 Natura
1000 1901 1221 1946 rerum
1262 1880 1576 1970 ejusdem
1626 1878 1805 1948 tituli
1847 1880 2493 1949 commentationem
2546 1880 2631 1948 ab
2680 1880 2949 1947 Isidoro
2995 1879 3256 1969 Hispa-

681 1992 858 2075 lensi
901 1994 1249 2085 scriptam,
1295 2004 1368 2062 ut
1398 2002 1608 2086 patet,
1644 1996 2015 2064 imitatur².
2061 1996 2305 2064 lsidori
2344 2004 2413 2063 et
2453 1996 2671 2086 ipsius
2703 1996 2955 2064 Adami
3007 1996 3251 2073 instar,

678 2107 869 2175 Beda
920 2109 1336 2178 Martianum
1384 2119 1449 2177 et
1503 2109 1821 2179 Solinum
1882 2110 2138 2201 saepius
2191 2111 2472 2180 adhibet
2526 2121 2592 2179 et
2636 2111 2983 2201 appellat;
3041 2111 3139 2177 ita
3175 2119 3254 2176 ut

652 2211 1177 2315 ¹nonnunquam
1236 2226 1504 2294 dubites
1545 2225 1762 2293 hosne
1827 2227 2012 2317 ipsos
2063 2227 2432 2319 scriptores
2484 2249 2569 2294 an
2611 2227 2872 2295 Bedam
2921 2226 2990 2292 in
3039 2248 3252 2294 manu

678 2340 995 2408 habuerit
1029 2351 1263 2409 noster
1284 2342 1330 2408 ⁴.

766 2455 1230 2544 Allegoricam
1257 2456 1577 2525 Martiani
1607 2456 1906 2547 Capellae
1933 2456 2279 2526 fabulam⁸
2309 2457 2487 2548 apud
2522 2457 2732 2525 medii
2763 2456 2896 2525 aevi
2925 2456 3250 2524 homines

670 2569 1054 2660 plurimum
1104 2570 1430 2652 valuisse,
1481 2593 1608 2639 nec
1665 2570 1897 2638 minus
1941 2572 2011 2639 in
2059 2571 2308 2644 litteris¹
2349 2594 2556 2663 quam
2606 2572 2678 2638 in
2728 2572 3033 2640 scientiis
3090 2592 3248 2636 evo-

676 2695 899 2754 catam
934 2686 1148 2753 fuisse
1179 2685 1522 2753 neminem
1558 2687 1883 2776 praeterit.
1935 2689 2091 2756 Non
2125 2687 2439 2778 juniores
2479 2687 2757 2778 quidem
2788 2686 3086 2767 alumni,-
3120 2686 3240 2752 sed

667 2805 818 2893 jam
876 2808 1077 2870 aetate
1133 2811 1198 2869 et
1261 2800 1572 2870 doctrina
1617 2803 1923 2893 provecti
1963 2824 2045 2870 ea
2089 2802 2459 2872 utebantur
2482 2804 2525 2870 ⁶.
2578 2803 2662 2871 In
2705 2802 2881 2871 libro
2928 2803 3080 2886 V10,
3128 2800 3237 2869 cui

675 2918 913 2986 titulus
962 2919 1364 3001 Geometria,
1406 2918 1747 2987 elementa
1784 2919 2229 3009 geographiae
2269 2920 2595 3010 reperiaS‚
2642 2942 2796 3010 quae
2837 2918 3052 2986 medii
3103 2918 3235 2986 aevi

675 3042 1037 3113 auctorum
1081 3056 1285 3102 nemo
1326 3056 1464 3103 non
1507 3034 1890 3126 usurpavit.
1935 3035 2133 3116 Quod
2174 3057 2346 3126 opus
2388 3035 2765 3125 Gregorius
2808 3034 3226 3102 Turonensis

674 3150 964 3217 summis
1023 3150 1289 3217 extollit
1319 3149 1665 3230 laudibus,
1710 3156 1777 3217 et
1807 3151 2036 3217 omnis
2079 3150 2381 3219 scientiae
2424 3151 2680 3218 fontem
2721 3149 2976 3219 vocat⁷.
3017 3148 3232 3216 Liber.

672 3264 1060 3355 deNuptiis
1099 3266 1329 3333 seculo
1368 3265 1497 3333 ΧΙο
1529 3265 1597 3332 in
1624 3266 2092 3354 germanicam
2121 3265 2432 3354 linguam
2456 3268 2608 3356 jam
2647 3287 2892 3334 versus
2921 3272 3024 3331 est
3051 3266 3096 3330 ⁸.

739 3517 778 3560 1.
822 3511 1200 3571 Wattenbacb,
1237 3511 1758 3577 Geschichtsquellen,
1790 3528 1842 3577 p.
1877 3517 1954 3566 81.
1987 3514 2238 3572 Werner,
2272 3515 2415 3564 Beda
2443 3513 2540 3564 der
2576 3514 2923 3579 Elaewardiqe
2952 3515 3063 3564 und
3092 3516 3235 3564 scine

670 3593 796 3652 leit,
832 3593 1013 3652 Wien,
1054 3597 1188 3655 1875,
1224 3608 1277 3656 p.
1323 3595 1542 3643 107-121.
1590 3595 1812 3657 Herzog,
1847 3594 2382 3658 Real-Encyclopedie
2419 3595 2515 3644 der
2540 3597 2763 3659 protest.
2800 3594 3084 3660 Theoloqie,
3115 3599 3155 3646 t.
3191 3599 3231 3655 Ι,

672 3688 722 3736 p.
756 3677 863 3723 763.
898 3673 1064 3722 Ebert
1095 3672 1303 3737 (gallica
1325 3672 1649 3736 translatio),
1680 3677 1720 3724 t.
1749 3674 1792 3732 l,
1819 3689 1878 3737 p.
1914 3677 2025 3725 667.

733 3756 779 3803 2.
817 3753 869 3802 S.
911 3752 1180 3814 Giinther,
1225 3752 1403 3802 Gesch.
1447 3753 1541 3801 der
1572 3752 1883 3803 mathemal.
1938 3754 2265 3803 UnterricMs
2303 3754 2371 3801 im
2401 3755 2713 3804 Mittelalter
2747 3755 3001 3819 (Monam.
3057 3754 3231 3804 Germ.

669 3833 996 3896 Paeda909.,
1026 3835 1063 3882 t.
1087 3833 1176 3892 111,
1209 3847 1260 3896 p.
1293 3834 1360 3889 4).

728 3918 774 3963 3.
802 3914 863 3963 ln
895 3914 1034 3963 libro
1065 3913 1129 3961 de
1154 3913 1365 3961 Natura
1398 3927 1577 3961 rerum
1607 3913 1940 3973 continetur,
1966 3916 2021 3962 51
2053 3913 2301 3978 capitulis
2331 3913 2524 3970 divisa.
2556 3927 2725 3977 parva
2754 3927 2819 3963 ex
2847 3914 3088 3978 antiquis
3116 3929 3232 3965 cos-

667 3994 998 4058 mographia,
1025 3996 1077 4043 et
1095 4007 1194 4056 pro
1221 3995 1376 4043 {etate
1394 3992 1609 4057 insigne
1626 3992 2026 4043 mathematicae
2048 3996 2102 4042 et
2116 3993 2358 4057 physicae
2374 3994 2714 4058 geographiae
2735 3993 3138 4058 compendium.

722 4076 767 4122 4.
796 4073 938 4124 Beda
965 4074 1054 4123 hic
1083 4074 1283 4123 citatur
1312 4072 1611 4122 secundum
1636 4072 1939 4123 editionem
1972 4073 2172 4136 Migne,
2200 4073 2510 4137 Patroloqia
2538 4072 2731 4134 latina,
2761 4077 2800 4124 t.
2825 4078 2909 4124 90.

724 4158 770 4203 5.
799 4155 1163 4213 Kretschmer,
1187 4153 1283 4201 Die
1311 4153 1592 4215 I’hysische
1618 4151 1915 4201 Erdlcunde
1951 4153 2027 4202 im
2067 4152 2406 4202 christiin-hen
2440 4153 2778 4211 Mlttelalter‚
2809 4169 2863 4217 p.
2897 4156 2968 4203 12.

725 4237 772 4283 6.
799 4254 821 4277 α
850 4232 988 4282 C’est
1017 4247 1122 4282 une
1153 4235 1374 4296 etrange
1397 4233 1762 4296 composition
1792 4246 1896 4295 que
1922 4232 1973 4282 le
2005 4232 2068 4281 de
2090 4233 2304 4296 Nuptiis
2342 4232 2651 4294 Philoloyiae
2676 4239 2726 4283 et
2757 4235 3026 4283 Mercurii.
3052 4235 3237 4285 Dima*

663 4313 908 4378 gination
937 4314 989 4363 la
1015 4313 1138 4376 plus
1156 4312 1361 4362 bizarre
1385 4313 1464 4375 s'y
1486 4313 1606 4362 allie
1635 4312 1666 4361 a
1687 4311 1894 4375 l’esprit
1923 4312 1970 4362 le
1993 4312 2116 4375 plus
2137 4311 2302 4361 aride.
2322 4311 2394 4361 La
2410 4311 2736 4375 disposition
2765 4313 2837 4363 du
2857 4314 2991 4365 livre
3010 4317 3225 4366 montre

663 4408 738 4444 un
765 4407 883 4444 rare
904 4406 1138 4456 manque
1165 4391 1229 4441 de
1255 4394 1402 4456 gout.
1422 4391 1522 4442 Les
1550 4395 1671 4456 sept
1697 4392 1825 4442 Arts
1854 4405 1911 4441 se
1927 4394 2247 4454 presentent
2274 4406 2414 4455 pour
2433 4392 2481 4441 le
2503 4393 2740 4457 mariage
2766 4393 2830 4444 de
2856 4395 2907 4444 la
2933 4395 3232 4459 Philologie

662 4489 794 4525 avec
808 4474 1068 4533 Mercure‚
1084 4473 1376 4523 etl'auteur
1391 4472 1585 4535 profite
1606 4471 1732 4521 dela
1746 4471 2124 4522 circonstance
2151 4485 2289 4535 pour
2300 4473 2479 4536 parler
2491 4471 2555 4523 de
2568 4473 2776 4524 chacun
2789 4474 2962 4525 d'eux.
2981 4494 3005 4519 υ
3028 4475 3228 4538 (Ebert,

662 4556 852 4621 gallica
873 4553 1180 4614 translatiO,
1212 4554 1254 4613 1,
1275 4567 1330 4616 p.
1357 4554 1485 4614 513).
1510 4551 1585 4601 Cf.
1614 4551 1743 4602 Paul
1774 4552 2086 4614 Monceaux,
2111 4552 2504 4615 LesAfricainS,
2537 4553 2704 4616 PariS,
2728 4556 2864 4614 1894,
2879 4569 2931 4618 p.
2961 4558 3072 4614 447,
3106 4570 3229 4620 sqq.

729 4633 1133 4692 7.Dah1mann‚
1174 4630 1540 4695 Forschunyen
1569 4631 1809 4692 auserem
1842 4630 2049 4681 Gelvele
2066 4630 2161 4681 der
2190 4630 2512 4692 Geschiclzte,
2544 4633 2760 4713 Altona,
2791 4637 2930 4695 1821,
2949 4636 2992 4696 1,
3017 4649 3070 4698 p.
3107 4640 3225 4688 205-

661 4719 772 4767 208.
820 4713 1049 4779 Specht,
1040 4711 1355 4762 Geso-laicate
1379 4712 1466 4760 des
1501 4712 2008 4773 Unterrichtwesens,
2032 4724 2086 4774 p.
2110 4712 2196 4762 84.
3225 4755 3232 4765 ,

726 4800 772 4849 8.
821 4791 1233 4857 Wackernagel,
1270 4790 1636 4841 Altdeutsches
1672 4790 1948 4853 Lesebuch,
1982 4805 2040 4854 p.
2084 4793 2189 4853 150,
2233 4792 2444 4857 amplos
2483 4792 2638 4843 locos
2682 4793 2860 4846 reddit
2899 4796 3224 4860 germanicae
