3609 5675
22 1195 25 1198 ,
12 1059 21 1120 “v“
12 961 25 1038 ἡὴ
12 599 31 944 -.ἺὟ“ΨτΓόῃψἾ--η,

135 8 1391 212 w
1982 27 1984 38 l

1446 101 1457 114 ⁸

12 373 27 398 ζ

12 407 15 426 l

12 437 19 446 υ

1525 554 1847 615 ..83-

397 703 768 793 regionum
804 703 1158 795 Aquilonis
1204 702 1350 772 veri
1389 713 1457 771 et
1496 703 1662 773 certi
1705 709 1978 772 montes
2034 724 2173 770 non
2210 701 2495 784 latuere,
2531 700 2856 790 Riphaeos
2902 710 2968 768 et

378 819 713 914 *Scandiae
754 818 956 910 Alpes
1005 819 1073 885 in
1120 842 1337 886 unum
1385 827 1451 887 et
1507 819 1693 887 idem
1747 818 2059 909 redigere
2111 817 2455 887 debuisse.
2521 816 2755 907 Reque
2787 817 2962 908 ipsa,

401 957 551 1026 quae
588 934 799 1002 modo
841 932 1213 1002 miscuerat
1267 934 1406 1025 (IV,
1455 937 1566 1017 24,
1605 936 1738 1020 31),
1793 955 1876 1001 ea
1917 934 2126 1002 modo
2184 932 2490 1023 sejungit
2547 942 2614 1000 et
2651 932 2964 1014 secernit,

401 1050 1013 1141 videlicetquando
1032 1050 1359 1139 Riphaeos
1381 1050 1549 1118 sitos
1567 1073 1718 1117 esse
1743 1050 1906 1119 dicit
1935 1072 2072 1117 non
2089 1052 2240 1140 jam
2262 1060 2497 1117 contra
2520 1052 2828 1131 Boream,
2853 1071 2972 1118 ve-

401 1189 560 1235 rum
594 1166 680 1233 ab
721 1166 977 1234 oriente
1032 1165 1295 1234 Sueciae
1341 1175 1407 1233 et
1445 1166 1812 1255 Norvegiee
1849 1166 1985 1251 (IV,
2027 1168 2111 1233 25
2150 1166 2287 1255 30),
2330 1175 2397 1232 et
2442 1164 2784 1256 praecipue
2816 1188 2975 1234 cum

404 1279 638 1349 scribit
678 1303 693 1348 t
739 1309 770 1343 «
813 1281 1140 1350 Montana
1176 1279 1617 1370 (Suevorum)
1646 1304 1860 1371 usque
1923 1279 2020 1348 ad
2051 1280 2364 1370 Riphaeos
2402 1292 2659 1347 montes
2706 1281 2982 1349 extendi

407 1397 546 1486 (IV,
601 1397 738 1486 21).
800 1403 940 1464 Hoc
994 1396 1184 1464 enim
1250 1396 1324 1463 in
1366 1396 1786 1487 quibusdam
1842 1395 1923 1463 de
1971 1395 2356 1463 Germaniae
2407 1395 2574 1462 locis
2639 1396 2820 1486 (cap.
2851 1395 2976 1484 xx)

403 1511 731 1579 innuebat
786 1511 1107 1580 Solinus.x
1145 1513 1517 1594 Praeterea,
1573 1533 1857 1579 necesse
1911 1510 2210 1580 habebat
2266 1511 2582 1578 Adamus
2635 1511 2975 1600 Riphaeos

407 1627 773 1694 extendere
809 1649 1026 1718 usque
1068 1626 1151 1695 ad
1209 1627 1486 1716 ignotas
1527 1625 1658 1693 sibi
1691 1635 1759 1693 et
1789 1626 1933 1693 suis
1969 1625 2218 1694 coaevis
2257 1626 2600 1715 regioneS,
2642 1626 2759 1694 ubi
2790 1627 2977 1697 Mar-

410 1741 578 1809 tiani
610 1751 681 1809 et
720 1741 936 1809 Solini
969 1741 1240 1810 fabulas
1269 1751 1603 1833 tanquam
1643 1741 1802 1809 sede
1829 1741 2110 1832 propria
2157 1741 2436 1809 locaret.

496 1857 702 1948 Atqui
742 1857 1226 1949 Hyperboreos
1285 1880 1327 1926 a
1364 1857 1671 1948 Riphaeis
1719 1878 1924 1924 nemo
1984 1856 2310 1947 sejunxit.
2368 1856 2797 1947 Hyperborei
2850 1859 2980 1926 ho-

409 1972 634 2040 mines
672 1982 829 2040 sunt
856 1972 1235 2040 felicissimi
1263 1979 1328 2040 et
1355 1971 1873 2063 sapientissimi,
1918 1971 2239 2039 omnibus
2278 1972 2644 2041 virtutibus
2682 1972 2977 2064 praediti,

411 2109 536 2156 nec
558 2086 698 2155 ullo
716 2088 886 2154 vitio
914 2087 1254 2178 inquinati
1276 2088 1502 2171 3nulla
1520 2110 1595 2156 re
1614 2094 1924 2158 carentes
1940 2088 2255 2178 quamvis
2280 2086 2501 2155 labori
2521 2110 2661 2155 non
2689 2088 2979 2172 addicti;

413 2202 578 2294 quid
629 2202 882 2292 plura?
934 2202 994 2271 is
1064 2213 1210 2271 erat
1270 2204 1568 2295 populus
1616 2225 1826 2295 quem
1874 2225 2116 2271 omnes
2159 2211 2380 2293 poetae
2435 2212 2502 2270 et
2564 2203 2985 2271 fabulatores

411 2318 750 2386 illecebris
803 2317 1118 2387 certatim
1172 2319 1630 2387 cumularent.
1676 2321 1777 2386 De
1838 2318 1925 2385 iis
1961 2317 2182 2387 multa
2230 2318 2513 2386 Solinus
2572 2319 2750 2410 (cap.
2807 2319 2981 2408 xvi),

413 2433 742 2523 pauciora
787 2456 948 2502 vero
993 2434 1384 2504 Marcianus
1422 2435 1612 2525 (664)
1647 2434 2092 2525 scripserunt.
2146 2434 2417 2504 Adamo
2449 2442 2687 2521 autem
2729 2462 2762 2497 «
2803 2434 2990 2501 Dani

416 2548 753 2639 Suecique
819 2555 887 2616 et
936 2549 1187 2639 reliqui
1250 2548 1555 2641 Scythiae
1618 2550 1856 2640 populi
1902 2550 2082 2617 inter
2121 2549 2604 2641 Hyperboreos
2657 2571 2989 2616 annume-

416 2662 611 2730 randi
671 2666 869 2731 sunt.¹
919 2691 951 2726 »
1001 2664 1150 2754 (IV,
1204 2667 1284 2731 12
1340 2674 1406 2731 et
1450 2664 1664 2732 schol.
1714 2667 1890 2751 125).
1936 2665 2176 2732 Prussi
2221 2664 2310 2760 ad
2366 2664 2645 2732 eosdem
2693 2663 2988 2755 Scythiae

420 2778 714 2870 populos
762 2779 1125 2870 pertinent,
1184 2802 1486 2871 quorum
1514 2781 1806 2849 virtutes
1856 2780 2208 2864 HoratiUS,
2251 2789 2327 2850 ut
2364 2779 2579 2849 credit
2618 2790 2876 2862 noster,
2916 2779 2987 2848 in

415 2894 652 2985 lyricis
701 2895 846 2962 suis
893 2896 989 2964 ita
1035 2897 1352 2965 meminit
1407 2920 1422 2965 ε
1480 2926 1512 2960 «
1557 2896 1993 2989 Campestres
2033 2896 2306 2987 Scythae
2347 2896 2595 2964 melius
2625 2896 2891 2972 vivunt,
2924 2905 2991 2964 et

416 3008 627 3098 rigidi
670 3010 856 3078 Getae
908 3036 945 3075 »
988 3012 1225 3101 (schol.
1261 3013 1441 3102 118).
2336 3019 2343 3026 ’

510 3124 862 3215 Quidquid
918 3148 1085 3215 ergo
1151 3127 1233 3194 de
1302 3127 1775 3197 Scandinaviae
1819 3127 2139 3217 gentibus
2194 3137 2429 3195 narrat
2478 3134 2736 3212 noster,
2789 3149 2989 3195 naevo

420 3239 724 3330 quodam
780 3240 1094 3309 laborare
1144 3242 1413 3310 videtur
1452 3266 1467 3313 :
1517 3244 1803 3312 mentita
1843 3244 1962 3313 illa
1999 3253 2360 3312 auctorum
2417 3243 2860 3333 antiquorum
2907 3243 2992 3311 de

424 3354 897 3445 Hyperboreis
928 3355 1159 3426 fabula
1188 3380 1326 3426 non
1356 3381 1606 3449 parum
1631 3359 2067 3447 depravatur.
2105 3358 2454 3427 Immerito
2479 3367 2712 3426 tamen
2751 3358 2994 3427 credas

422 3468 985 3538 Normannorum
1022 3495 1255 3541 mores
1295 3474 1866 3564 apudAdamum
1914 3474 2209 3543 fictionis
2246 3481 2485 3543 notam
2525 3497 2795 3566 semper
2850 3497 2994 3565 pree

424 3605 497 3651 se
549 3584 764 3668 ferre3
810 3587 1400 3677 quemadmodum
1452 3595 1520 3656 et
1558 3612 1767 3681 supra
1807 3590 1890 3657 de
1939 3589 2268 3680 Riphaeis,
2314 3590 2397 3657 de
2432 3590 2644 3659 maris
2682 3599 2878 3671 aestu,
2911 3593 2995 3657 de

424 3696 697 3768 dierum
744 3702 1199 3790 longitudine,
1245 3704 1357 3773 hic
1408 3727 1489 3772 ea
1544 3728 1695 3795 quae
1736 3705 2203 3796 experimento
2245 3705 2503 3786 didicit,
2547 3714 2879 3788 veterum,
2922 3714 2996 3771 ut

425 3814 622 3898 solet,
664 3816 968 3885 historiis
1008 3819 1378 3887 contexuit.

513 3931 842 3998 Attamen
871 3931 953 4000 de
975 3934 1334 4001 Danorum
1357 3934 1668 4003 moribus
1700 3935 1899 4025 plura
1922 3941 2210 4003 noverat
2236 3942 2470 4002 noster
2495 3957 2705 4025 quam
2725 3944 2799 4001 ut
2826 3934 2996 4026 ipsis

430 4046 729 4114 nimium
773 4047 1183 4138 indulgeret.
1238 4049 1597 4131 Quomodo
1621 4051 1817 4118 enim·
1847 4049 2450 4142 Hyperboreorum
2497 4050 2737 4117 laudes
2788 4050 2868 4117 de
2911 4049 2998 4116 iis

429 4162 638 4230 etiam
722 4163 1092 4252 praedicare
1172 4166 1531 4256 potuisset,
1607 4188 1906 4258 quorum
1996 4176 2269 4235 assueto
2342 4166 2759 4233 commercio
2831 4165 3000 4232 vitia

429 4277 738 4368 apprime
761 4289 1200 4368 cognoverat,
1235 4303 1406 4370 quos
1438 4282 1649 4349 etiam
1669 4281 1973 4371 graviter
2003 4281 2209 4349 satis²
2241 4281 2548 4370 increpat
2578 4281 2685 4347 his
2715 4279 2939 4349 verbis
2972 4301 2988 4349 ε

501 4452 549 4497 l.
604 4450 784 4500 Danos
849 4452 1127 4514 aliquanto
1184 4452 1430 4502 acerbius
1471 4450 1675 4514 judicat
1709 4450 1965 4512 Adamus,
2000 4450 2183 4515 inquit
2231 4450 2468 4532 Murray,
2522 4417 2916 4509 commentatio,
2956 4449 2999 4509 I,

435 4545 497 4595 p.
535 4532 656 4580 152·

470 4594 475 4599 ’
498 4615 546 4661 2.
572 4612 1011 4661 Normannorum
1036 4625 1238 4662 nomen
1264 4611 1333 4661 ad
1357 4625 1547 4662 omnes
1572 4612 2083 4676 septentrionalium
2105 4611 2352 4661 littorum
2372 4610 2582 4674 piratas
2609 4608 3001 4660 extendebatur

438 4690 580 4754 apud
608 4690 918 4741 Occidentis
945 4690 1262 4754 scriptores,
1293 4691 1385 4754 qui
1403 4692 1506 4742 hoc
1533 4692 1770 4756 generali
1800 4692 2020 4741 nomine
2043 4704 2234 4740 omnes
2256 4689 2628 4740 scandinaviae
2644 4691 2834 4753 gentes
2856 4701 3004 4737 com-

436 4770 600 4834 plecti
628 4771 898 4822 solebant.
934 4771 995 4821 In
1025 4770 1271 4822 historiis
1294 4772 1464 4835 Saqas
1489 4772 1652 4835 vulgo
1676 4770 1837 4837 dfictis
1865 4772 1920 4820 et
1949 4770 2006 4820 in
2041 4770 2227 4871 (gtheri
2251 4769 2532 4833 relatione,
2560 4769 3000 4849 Normannoruu}
