3609 5675
1843 484 2162 544 —16-

720 653 939 721 usque
979 632 1067 699 ad
1098 642 1367 725 tempus
1406 655 1611 701 suum
1641 633 1937 702 scribere
1971 634 2408 715 instituisset,
2443 634 2713 703 Adamo
2754 634 2838 701 de
2881 634 3338 724 septentrio-

719 746 992 815 nalibus
1048 747 1451 836 regionibus
1514 749 1908 817 necessario
1965 748 2445 818 disserendum
2507 759 2678 818 erat.
2753 748 2984 818 Caroli
3055 749 3322 840 Magni

721 859 973 936 seculo,
1010 861 1078 927 in
1111 885 1389 930 scenam
1416 863 1641 952 prodit
1667 863 2072 946 Germania3
2111 863 2473 932 undecimo
2505 864 2752 932 deinde
2782 864 3040 946 seculo,
3074 864 3321 931 Scan-

720 975 1015 1045 dinaviae
1054 986 1121 1045 et
1155 977 1500 1067 aquilonis
1540 979 1771 1068 populi
1813 1002 1942 1047 sua
1984 979 2156 1047 vice.
2209 979 2616 1047 Bremenses
2651 979 2978 1070 episcopi,
3017 980 3204 1048 item
3245 990 3316 1046 et

718 1093 1155 1183 suffraganei,
1192 1093 1705 1183 quodammodo
1739 1094 2210 1184 exploratores
2249 1095 2433 1178 facti,
2477 1095 2922 1186 geographiae
2962 1095 3178 1163 simul
3223 1118 3312 1164 ac

718 1208 1073 1297 religionis
1107 1208 1412 1277 dominio
1453 1207 1954 1277 incrementum
1985 1210 2308 1279 afferunt.

807 1324 908 1392 Eo
956 1333 1263 1416 tempore
1308 1323 1630 1393 Bremam
1660 1325 1851 1392 venit
1882 1325 2192 1394 Adamus
2219 1348 2356 1416 quo
2409 1326 2826 1395 Adalbertus
2854 1328 2874 1361 ¹
2911 1327 3310 1417 archiepis-

716 1461 931 1531 copus
957 1440 1319 1508 ecclesiam
1357 1440 1665 1528 regebat.
1706 1441 1936 1523 Quam
1969 1441 2400 1531 splendidam
2442 1464 2806 1533 personam
2839 1453 2980 1509 tam
3008 1443 3082 1509 in
3118 1442 3309 1511 Ger-

715 1554 988 1623 manico
1020 1555 1309 1643 imperio
1328 1577 1538 1646 quam
1576 1554 1840 1623 Bremae
1867 1556 2274 1624 sustinuerit
2295 1557 2716 1626 Adalbertus
2750 1568 2824 1625 ut
2853 1558 3300 1629 omittamus,

713 1670 885 1738 illud
943 1678 1181 1738 tamen
1243 1671 1579 1739 memoria
1646 1671 1939 1760 dignum
2006 1693 2391 1754 censemuS,
2469 1672 2650 1763 quod
2715 1673 3021 1740 ecclesiae
3087 1695 3305 1742 reno-

712 1787 955 1856 vandae
1008 1786 1386 1868 studiosuS,
1438 1786 1879 1858 scientiarum
1928 1793 2160 1855 autem
2213 1797 2280 1855 et
2319 1787 2571 1855 artium
2615 1788 3009 1870 studiosior,
3071 1789 3301 1856 unde-

715 1923 1008 1991 cumque
1088 1924 1294 1969 suum
1358 1901 1427 1968 in
1499 1902 1834 1991 palatium
1897 1901 2337 1971 doctissimos
2391 1912 2458 1970 et
2521 1902 3023 1992 illustrissimos
3099 1903 3297 1971 viros

713 2017 1069 2086 adduxit².
1111 2016 1406 2085 Natione
1447 2017 1628 2099 Itali,
1696 2017 1900 2099 Galli,
1955 2016 2164 2100 Scoti,
2209 2017 2453 2100 Graeci,
2508 2018 2757 2100 Judaei,
2811 2030 2956 2086 arte
2997 2019 3293 2098 medici,

715 2132 1066 2222 astrologi,
1094 2132 1418 2223 pictoreS,
1463 2132 1738 2216 musici,
1783 2132 1928 2224 qui,
1976 2142 2055 2200 ut
2102 2133 2477 2202 Adalberto
2508 2135 3072 2222 gratificarentur,
3119 2158 3296 2203 eum

712 2248 1433 2337 Hammaburgensem
1490 2248 1949 2339 patriarcham
2005 2247 2365 2330 vocabant,
2430 2249 2498 2315 id
2572 2250 2902 2339 temporis
2955 2250 3291 2318 Bremam

712 2363 1212 2432 conveniebant
1244 2362 1472 2454 ibique
1511 2363 1982 2432 morabantur.
2025 2363 2334 2445 Quorum
2365 2363 2682 2454 quaedam
2723 2364 3004 2433 nomina
3033 2365 3123 2432 ad
3153 2388 3291 2433 nos

710 2501 1080 2569 pervenere
1137 2500 1154 2546 ε
1225 2484 1423 2545 erant
1486 2478 1673 2544 enim
1728 2478 1908 2545 inter
1973 2499 2093 2544 eos
2163 2477 2510 2546 Hibernus
2574 2480 2901 2560 JoanneS‚
2978 2480 3293 2548 Gallicus

711 2594 978 2663 Gualdo
1010 2596 1057 2675 ³,
1127 2593 1598 2661 Trasmundus
1677 2593 2057 2662 monachus
2134 2600 2203 2659 et
2276 2593 2554 2682 pictor⁸,
2617 2594 2889 2662 italicus
2972 2596 3288 2663 musicus

710 2710 986 2792 Guid05,
1070 2709 1332 2790 Ariste,
1400 2719 1474 2776 ut
1524 2708 1895 2776 verisimile
1959 2716 2086 2788 est,
2177 2707 2456 2777 Graecus
2527 2709 2820 2797 origine,
2893 2711 3285 2778 Adamatus

710 2825 1136 2895 Salernensis
1196 2825 1503 2893 medicus
1552 2822 1799 2916 (schol.
1860 2824 2000 2915 91),
2053 2825 2242 2892 Bovo
2300 2824 2583 2915 quidam
2627 2824 2745 2916 qui
2792 2832 2894 2893 ter
2949 2826 3287 2895 Hieroso-

705 2944 966 3034 lymam
1013 2942 1256 3023 iverat,
1291 2940 1740 3030 Babylonem,
1789 2940 1974 3031 apud
2019 2940 2425 3023 SaracenOS,
2464 2950 2775 3021 noverat,
2818 2942 3071 3010 multas
3112 2942 3291 3010 alias

706 3060 1026 3148 regiones
1092 3059 1633 3149 perlustraverat
1709 3078 1724 3123 z
1792 3078 1928 3147 quo
1991 3055 2421 3125 familiariter
2481 3057 2802 3125 utebatur
2864 3059 3288 3126 Adalbertus

706 3177 895 3266 (Ad.,
944 3174 1069 3260 ΙΙΙ,
1114 3175 1253 3262 70).

793 3290 991 3358 Adde
1017 3291 1316 3357 advenas
1348 3311 1474 3380 per
1501 3288 1827 3356 Bremam
1856 3287 1985 3355 iter
2009 3287 2363 3368 habentes,
2397 3286 2641 3355 Slavos
2671 3297 2793 3357 aut
2821 3288 3281 3357 Scandienses

703 3404 1036 3495 hospites,
1098 3403 1500 3494 peregrinos
1558 3402 2121 3493 Compostellam,
2177 3401 2478 3469 Romam
2538 3411 2658 3469 aut
2718 3401 3275 3493 Hierosolymam

703 3528 1034 3610 petentes,
1072 3521 1286 3587 Erant
1316 3528 1475 3587 tunc
1506 3519 1575 3585 in
1607 3518 1740 3585 viis
1771 3541 1943 3609 quas
1976 3517 2438 3608 sequebantur
2464 3518 2813 3607 peregrini
2845 3519 3278 3587 xenodochia

701 3637 773 3703 in
814 3636 1066 3724 quibus
1106 3635 1400 3724 benigne
1441 3634 1983 3725 excipiebantur.
2013 3632 2282 3715 Quibus
2328 3633 2540 3700 Suein
2564 3655 2688 3700 rex
2731 3634 2800 3699 in
2841 3633 2988 3722 ipsa
3034 3635 3271 3725 palatii

701 3754 859 3820 aula
899 3751 1203 3843 quotidie
1249 3773 1563 3819 mensam
1606 3749 1857 3817 instrui
1894 3750 2259 3839 jusserat⁶.
2307 3748 2614 3839 Singulis
2663 3749 2736 3815 in
2778 3749 3081 3817 ecclesiis
3110 3750 3273 3817 talia

763 3988 807 4034 1.
843 3984 1032 4033 Fusius
1078 3983 1191 4032 haec
1227 3982 1483 4032 tractavit
1526 3981 1691 4030 Dehio
1727 3980 1785 4030 in
1821 3980 1959 4029 libro
1990 3993 2087 4029 suo
2125 3982 2188 4041 (t.
2232 3980 2272 4039 I,
2309 3994 2364 4043 p.
2399 3980 2632 4037 175-277)
2662 3992 2825 4042 quem
2872 3979 2937 4029 de
2971 3980 3263 4032 Adalberto

694 4065 758 4114 in
788 4064 982 4128 primis
1018 4061 1411 4112 consulendum
1444 4065 1720 4124 putamus,

754 4148 799 4193 2.
840 4144 1028 4204 Dehio,
1073 4158 1157 4205 op.
1196 4144 1316 4203 cit„
1368 4156 1420 4204 p.
1455 4144 1564 4191 202.
1603 4141 1679 4189 Cl'.
1724 4141 1785 4189 K.
1823 4141 2056 4199 Maurer,
2119 4138 2328 4189 tslands
2381 4140 2490 4188 und
2544 4140 2856 4202 Not-weyens
2893 4140 3118 4189 Ver-leem·
3166 4143 3262 4190 mit

690 4223 808 4273 dem
830 4224 1005 4273 Sziden
1025 4221 1097 4271 im
1132 4222 1204 4270 IX
1232 4221 1308 4270 bis
1352 4221 1474 4270 XIII
1521 4219 1889 4269 ,lam-hundert
1926 4218 2185 4282 (Zacher's
2226 4218 2476 4267 Zeitsclm
2507 4219 2541 4266 f.
2575 4217 2818 4268 deutsche
2841 4219 3154 4282 Philoloqie,
3191 4221 3253 4281 ΙΙ,

693 4304 1021 4432 P·3{⁴Isslldmb·
1062 4380 1393 4430 Urlmndenb.
1422 4389 1485 4429 n⁰
1520 4383 1625 4429 101.

753 4468 801 4514 4.
833 4464 1034 4524 Bruno,
1067 4462 1132 4511 de
1167 4461 1308 4510 Bello
1343 4461 1623 4520 SaxonicO,
1659 4461 1699 4515 Ι,
1736 4464 1776 4509 Ι.

753 4547 802 4593 5.
848 4543 1017 4602 Quem
1058 4541 1360 4591 Guidonem
1406 4540 1588 4589 virum
1630 4560 1654 4583 a
1704 4540 1805 4589 Gui
1857 4539 2101 4589 d‘Arezzo
2147 4558 2172 4583 ι»
2217 4539 2387 4590 ruisse
2441 4540 2690 4590 nonnulli
2737 4539 2874 4590 salse
2917 4543 3262 4604 conjecerant

692 4623 1090 4688 (Schumacher,
1116 4622 1174 4670 in
1198 4622 1368 4670 Brem.
1390 4618 1603 4681 Jahrb„
1634 4620 1674 4680 1,
1706 4633 1759 4682 p.
1789 4619 1915 4682 153).
1940 4619 2091 4669 Cons.
2123 4618 2242 4679 Ad„
2267 4620 2334 4680 ΙΙ,
2364 4622 2442 4670 66.

752 4707 799 4753 6.
844 4704 903 4752 Ρ.
932 4702 1110 4763 Riant,
1137 4701 1474 4765 Pelet-inaqes
1505 4699 1595 4749 des
1628 4698 1985 4750 Scandinaves
2010 4713 2072 4749 en
2100 4699 2253 4748 Tere-e
2280 4699 2480 4761 Sainte,
2515 4702 2684 4761 PariS,
2721 4703 2859 4762 1865,
2902 4717 2956 4765 p.
2990 4706 3067 4752 58.
