3609 5675
1710 514 2031 574 -88—

597 687 633 727 a
673 662 1170 730 crudelissimis
1220 663 1511 755 paganis
1567 663 1983 732 incoluntur.
2049 664 2368 733 AEstland
2408 672 2641 733 autem
2683 672 2888 733 terrae
2932 664 3162 732 Femi-

593 799 833 843 narum
869 778 1184 871 proxima
1222 787 1346 863 est,
1388 800 1546 846 cum
1574 778 1892 847 Kurland
1925 801 2066 848 non
2093 780 2298 870 longe
2336 780 2426 847 sit
2454 803 2495 848 a
2533 780 2740 850 Birca
2777 782 3154 849 Sueonum.

597 891 903 960 Adam-rus
959 894 1323 962 Livoniam
1372 894 1698 985 praeterit,
1762 894 1845 961 de
1900 917 2037 986 qua
2087 896 2347 994 mentio
2398 896 2474 963 fit
2529 896 2713 987 apud
2767 895 3158 965 Arnoldum

597 1010 709 1099 (Ἦ,
757 1011 885 1099 30).

685 1383 989 1448 Exinde¹
1033 1382 1331 1473 Scythiae
1393 1382 1758 1473 descriptio
1800 1382 1981 1472 apud
2039 1381 2387 1450 Adamum
2447 1382 2656 1450 aliam
2718 1382 2944 1450 induit
3008 1405 3169 1473 spe-

589 1499 785 1563 ciem.
865 1497 1139 1564 Etenim
1211 1520 1430 1587 usque
1511 1497 1598 1565 ad
1672 1496 2033 1578 Ubsolam‚
2100 1496 2567 1578 ScritefinnOS‚
2628 1496 3160 1579 Trondemnem,

589 1611 1004 1703 Partimque,
1039 1622 1349 1679 extrema
1370 1612 1455 1680 ab
1491 1612 2253 1702 Hammaburgensibus
2284 1612 2737 1679 christianam
2758 1611 2966 1679 fidem
2985 1635 3168 1702 prae-

589 1727 976 1795 dic-autibus
1019 1728 1333 1811 lustrata,
1390 1728 1558 1795 satis
1605 1734 1964 1795 accuratas
2017 1726 2460 1817 geographus
2508 1727 2823 1795 notiones
2880 1725 3163 1809 habuit;

593 1863 833 1911 omues
885 1842 1294 1911 christianas
1340 1844 1681 1932 regioneS‚
1722 1865 1969 1933 nempe
2011 1842 2407 1911 Slavaniam
2444 1842 2531 1910 ad
2568 1842 2916 1910 sinistram
2957 1842 3169 1910 Panis

593 1959 781 2023 fluvii
817 1959 1065 2047 ripam,
1103 1958 1421 2039 Damam,
1462 1958 1885 2046 Norvegiam
1925 1957 2390 2047 Suediamque
2423 1980 2640 2048 usque
2672 1957 2757 2025 ad
2792 1958 3171 2025 Trondem-

593 2095 781 2151 nem*
813 2073 984 2139 bene
1017 2081 1412 2163 perspectas
1443 2071 1709 2154 habuit,
1746 2094 2001 2162 easque
2038 2071 2111 2138 in
2142 2072 2442 2163 Scythiae
2478 2072 2935 2162 descriptione
2969 2071 3170 2162 quasi

601 2187 669 2251 in
697 2190 1053 2279 proscenio
1098 2188 1477 2255 collocavit.
1524 2188 1720 2259 Ultra
1762 2188 1973 2255 etiam
2008 2187 2533 2278 progrediendo,
2570 2188 2903 2255 nonnulla
2943 2186 3173 2255 adhuc

601 2303 681 2367 de
709 2303 997 2391 paganis
1028 2302 1428 2394 regionibus
1462 2302 1764 2386 tradidit,
1800 2326 1981 2393 quae,
2012 2302 2172 2371 licet
2193 2302 2425 2370 minus
2450 2302 2681 2371 lucida
2711 2303 2873 2385 sint,
2909 2302 3172 2393 aliquid

605 2427 829 2483 tamen
865 2440 985 2484 nos
1021 2418 1264 2486 docent
1290 2417 1372 2485 de
1417 2417 1740 2486 Slavania
1771 2439 1812 2485 a
1840 2417 2120 2485 flumine
2151 2419 2322 2485 Pani
2351 2440 2569 2509 usque
2602 2418 2689 2486 ad
2717 2417 3062 2501 Rumam,
3100 2401 3187 2485 et·

601 2531 681 2599 de
717 2531 961 2599 Baltici
989 2532 1203 2599 maris
1227 2537 1430 2623 juxta
1454 2534 1690 2600 Danos
1714 2532 2157 2623 navigatores
2183 2533 2635 2622 longitudine.
2668 2532 2975 2602 Ulterius
3006 2555 3171 2600 vero

597 2659 785 2735 patet
821 2647 1127 2738 Scythia,
1175 2647 1354 2714 inter
1408 2647 1784 2738 Ostrogard
1835 2659 1901 2715 et
1936 2647 2289 2718 Ubsolam.
2338 2647 2507 2729 Quae
2558 2648 2765 2715 etiam
2799 2648 3172 2716 remotiora

609 2763 781 2844 loca,
833 2763 1058 2831 [abula
1097 2762 1285 2830 velut
1323 2763 1398 2831 in
1436 2763 1730 2855 depicta,
1768 2764 1969 2854 quasi
2003 2762 2270 2831 nebulae
2303 2763 2598 2853 caligine
2636 2763 2862 2832 velata
2900 2762 3171 2831 Adamo

597 2880 749 2944 visa
789 2885 968 2948 Sunt.

686 2996 793 3060 Ad
853 2995 1190 3062 orientem
1238 2994 1515 3064 Suediae
1578 2996 2111 3086 Norvegiaeque,
2173 2994 2481 3086 Riphaeis
2540 2995 2611 3061 in
2667 2993 3044 3076 montibUS,
3099 2995 3173 3061 in

597 3120 813 3180 tractu
861 3111 1040 3201 quod
1090 3134 1329 3180 revera
1378 3111 1534 3179 sinu
1581 3111 1901 3179 Bothniae
1946 3109 2444 3202 Finlandiaque
2487 3109 2848 3200 peninsula
2880 3130 3175 3199 occupa-

601 3236 729 3308 tur,
785 3237 1016 3294 noster
1073 3250 1313 3295 omnes
1384 3227 1796 3317 scriptorum
1858 3226 2299 3316 antiquorum
2362 3236 2481 3294 aut
2546 3226 2656 3293 sui
2721 3225 2851 3293 aevi
2906 3224 3173 3292 fabulas

601 3344 977 3409 nullon-avit.
2935 3326 2939 3328 ‘

693 3460 857 3524 Hfflc
919 3458 1172 3541 omnia,
1269 3464 1507 3547 utpote
1581 3455 2187 3548 propinquioribus
2260 3457 2607 3547 nimisque
2683 3456 2868 3524 notis
2942 3456 3176 3544 regio-

605 3572 805 3640 nibus
861 3595 997 3639 non
1041 3573 1337 3661 amplius
1375 3575 1524 3662 jam
1569 3571 1960 3655 tribuenda,
1998 3573 2290 3663 scriptor
2332 3581 2591 3652 noster,
2644 3571 2965 3640 Martiani
2995 3569 3173 3638 soli-

605 3688 813 3776 uiquc
853 3688 1102 3755 iterum
1141 3688 1547 3755 auctoritate
1585 3689 1824 3768 fretuS,
1872 3687 1960 3755 ad
1991 3687 2479 3778 longinquiora
2515 3687 2667 3755 loca
2703 3686 3175 3754 transferenda

605 3828 753 3868 csse
821 3803 1107 3870 censuit.
1165 3803 1400 3873 Unum
1467 3810 1697 3872 autem
1761 3802 2016 3870 Adami
2074 3803 2430 3894 proprium
2492 3811 2595 3869 est
2658 3824 2673 3870 :
2722 3802 3176 3893 quemadmo-

605 3920 769 3988 dum
829 3932 895 3984 ut
948 3918 1151 3985 rebus
1210 3918 1598 3986 narratione
1658 3918 1844 3986 notis
1910 3940 2180 4008 semper
2248 3918 2564 4008 quaedam
2623 3940 2659 3983 e
2728 3908 3177 4007 scriptoribus

601 4036 904 4124 antiquis
949 4041 1222 4125 sumpta
1262 4033 1642 4102 admiscere
1689 4034 1887 4114 solet,
1938 4034 2035 4100 ita
2074 4043 2343 4101 veteres
2380 4032 2646 4100 fabulas
2690 4033 2993 4099 referens
3036 4053 3178 4098 non

605 4152 869 4216 dubitat
904 4171 1208 4218 asserere
1251 4172 1490 4217 earum
1518 4149 1884 4217 veritatem
1920 4148 2287 4216 coaetaneis
2320 4148 2463 4215 suis
2499 4148 2924 4238 exploratam
2963 4146 3176 4222 fuisse

605 4288 681 4332 ac
721 4265 1253 4356 couiprobatam.
1298 4264 1642 4334 Mirabilia
1673 4264 1819 4331 haec
1847 4264 2126 4331 fuerunt
2154 4291 2186 4325 «
2222 4285 2398 4352 saepe
2428 4286 2469 4330 a
2497 4261 3014 4352 navigatoribus
3041 4261 3180 4329 ins-

601 4392 801 4468 pecta
841 4402 908 4461 κς
961 4386 1028 4447 et
1064 4381 1568 4448 Amazonarum
1605 4379 1913 4447 fabulam
1962 4378 2094 4469 ipsi
2144 4377 2507 4446 contestati
2553 4387 2709 4445 sunt
2745 4377 3179 4445 Adalvardus

605 4472 845 4584 (schol.
902 4496 1055 4587 119)
1107 4504 1173 4562 et
1209 4495 1622 4564 Adalbertus
1663 4495 1819 4585 (III,
1886 4498 2016 4584 15).
2069 4494 2259 4563 Unde
2301 4494 2432 4562 hoc
2476 4501 2745 4561 tantum
2785 4492 3179 4584 proficimus

669 4756 709 4800 1.
745 4752 1108 4814 Gifficbrecht,
1131 4750 1629 4813 Nordlandslczmde,
1664 4765 1718 4815 p.
1748 4754 1979 4812 188-190,
2018 4753 2071 4802 et
2096 4750 2354 4802 Ballisclae
2382 4750 2625 4812 Studien,
2652 4750 2738 4809 VI,
2774 4764 2827 4814 p.
2861 4752 2975 4800 200.
