3609 5675
1176 1128 1477 1219 PARS
1545 1130 2123 1221 SECUNDA

1506 1358 1799 1367 ———-—--

1249 1638 1582 1712 CAPUT
1646 1639 2052 1713 PRIMUM

1059 1847 1134 1896 DE
1183 1846 1409 1898 TERRAE
1462 1847 1693 1898 FORMA.
1742 1867 1820 1876 --
1872 1848 1950 1898 DE
2002 1847 2264 1901 OCEANo.

457 2143 612 2209 Duo
639 2139 824 2232 apud
845 2139 1192 2208 Adamum
1219 2140 1349 2207 loci
1373 2140 1459 2208 ad
1484 2140 1982 2230 geographiam
2003 2142 2565 2211 mathematicam
2593 2145 2943 2230 pertinent

366 2258 520 2348 (IV,
553 2259 670 2339 353
696 2256 819 2341 IV,
847 2259 978 2344 37).
1009 2256 1318 2323 Primum
1341 2254 1621 2346 quidem
1642 2278 1777 2346 quo
1801 2257 1883 2324 de
1911 2255 2179 2324 dierum
2210 2267 2277 2324 et
2308 2258 2613 2327 noctium
2636 2259 2944 2350 longitu-

366 2374 528 2441 dine
550 2373 623 2440 in
645 2372 873 2440 insula
891 2371 1107 2440 Thule
1127 2371 1422 2438 disserit.
1447 2371 1916 2452 Quemlocum
1942 2395 2027 2439 ex
2045 2373 2282 2440 Solino
2299 2374 2316 2408 ¹
2340 2380 2406 2441 et
2428 2375 2613 2443 Beda
2630 2376 2650 2410 ²
2672 2376 2940 2443 eisdem
2991 2405 2996 2408 Α

367 2488 597 2556 verbis
624 2487 986 2579 excerpsit.
1007 2487 1161 2578 Ipse
1188 2486 1382 2555 Beda
1400 2489 1600 2576 juxta
1626 2486 1963 2570 Solinum,
1983 2499 2071 2573 et,
2099 2490 2280 2578 quod
2299 2490 2383 2557 ad
2417 2490 2761 2578 Pytheam
2779 2493 2940 2560 atti-

364 2613 509 2687 net,
525 2607 728 2694 juxta
756 2602 1094 2670 Plinium²
1113 2602 1498 2683 scripserat.
1518 2602 1717 2670 Prior
1745 2602 1913 2669 item
1941 2612 2058 2670 aut
2089 2603 2279 2672 Beda
2309 2614 2427 2672 aut
2447 2604 2723 2674 Solinus
2751 2628 2940 2674 erra-

365 2718 467 2786 vit
480 2719 708 2810 quoad
740 2718 886 2787 dies
907 2718 1138 2788 XXIV
1159 2718 1491 2786 horarum
1513 2717 1639 2785 suh
1655 2718 1907 2786 arctico
1926 2718 2178 2786 circulo
2202 2729 2269 2786 et
2290 2719 2438 2787 dies
2472 2721 2563 2790 VI
2589 2722 2940 2789 mensium

366 2833 666 2924 polareS.
694 2832 894 2915 Quod
921 2832 979 2900 si
1005 2855 1086 2902 eo
1109 2841 1378 2902 tantum
1400 2832 1552 2902 loco
1576 2832 1660 2902 ad
1683 2833 2261 2902 Thuleninsulam
2289 2834 2672 2925 pertinente
2700 2837 2782 2905 de
2803 2837 2940 2906 die-

365 2973 529 3018 rum
550 2948 982 3039 longitudine
1011 2949 1718 3039 scripsissetAdamus
1738 2959 1994 3034 noster,
2012 2950 2208 3018 facile
2232 2950 2701 3020 existimasses
2724 2975 2884 3021 eum
2904 2976 2939 3021 e

366 3065 577 3134 Bedae
617 3063 815 3132 libris
854 3064 1188 3132 nonnulla
1218 3065 1597 3155 sumpsisse
1639 3088 1788 3157 quae
1820 3075 1937 3133 aut
1963 3086 2210 3157 parum
2253 3076 2522 3133 curaret
2556 3077 2676 3134 aut
2704 3068 2941 3136 forsan

364 3182 608 3250 minus
643 3178 1057 3268 intelligeret
1093 3199 1107 3247 ε
1151 3201 1391 3248 verum
1425 3202 1460 3247 e
1490 3179 1640 3248 loco
1677 3182 1892 3251 lV-37
1926 3180 2220 3272 percipis
2253 3203 2414 3248 eum
2451 3190 2518 3249 et
2545 3183 2644 3249 rei
2684 3205 2937 3252 causas

367 3307 439 3363 et
489 3297 714 3393 ipsam
756 3318 905 3363 rem
955 3295 1158 3385 plane
1196 3294 1651 3387 perspexisse,
1699 3295 1949 3386 quippe
1988 3296 2105 3386 qui
2151 3318 2278 3364 suo
2329 3296 2611 3364 nomine
2651 3297 2747 3366 ibi
2793 3299 2944 3367 dis-

367 3422 574 3480 serat.
628 3411 802 3480 Cum
847 3434 888 3479 a
928 3433 1089 3500 rege
1145 3410 1355 3479 Suein
1388 3419 1538 3478 tum
1572 3432 1613 3478 a
1643 3409 1963 3501 plurimis
2000 3411 2155 3478 aliis
2203 3435 2354 3502 quae
2388 3412 2471 3479 de
2521 3414 2838 3482 noctibus
2872 3415 2944 3482 in

368 3528 760 3617 Halagland
809 3527 1038 3594 insula
1086 3526 1319 3594 scribit
1366 3533 1806 3618 percontatus
1855 3527 2134 3613 accepit.
2200 3527 2555 3614 Ceterum,
2617 3530 2943 3598 eamdem

366 3644 646 3711 dierum
694 3653 759 3711 et
798 3642 1110 3710 noctium
1154 3642 1689 3733 inaequalitatem
1735 3642 1810 3709 in
1862 3642 2183 3711 universa
2235 3644 2605 3734 Aquilonis
2652 3630 2940 3733 regione

366 3757 724 3827 observari
755 3757 986 3848 ipsum
1019 3779 1159 3824 non
1187 3756 1378 3825 latet.
1418 3784 1450 3820 «
1491 3757 1847 3849 Stupenda
1879 3780 1987 3825 res
2022 3764 2090 3825 et
2122 3758 2476 3845 incognita
2504 3759 2819 3827 barbaris
2860 3781 2934 3838 »;

373 3874 646 3942 Adamo
683 3882 920 3941 autem
948 3870 1122 3939 nihil
1153 3893 1234 3938 ea
1269 3871 1341 3938 in
1369 3895 1443 3939 re
1477 3872 1888 3962 stupendum
1926 3873 2318 3941 arbitratur.
2355 3873 2619 3961 Insigni
2654 3874 2940 3942 concin-

368 3990 590 4057 nitate
645 3987 890 4056 asserit
934 3988 1202 4055 dierum
1247 3987 1690 4078 noctiumque
1753 3987 2295 4079 inaequalitatem
2348 4011 2383 4055 e
2442 3998 2641 4056 terrae
2701 3999 2941 4057 rotun-

367 4104 587 4172 ditate
651 4103 1022 4172 necessarz‘o
1081 4101 1244 4170 oriri
1267 4104 1311 4170 ⁴.
1376 4102 1576 4184 Quod
1644 4102 1924 4192 quidem
1977 4125 2145 4171 num
2214 4103 2477 4193 primus
2548 4112 2612 4171 et
2664 4105 2941 4194 proprio

364 4220 606 4313 labore
634 4218 1047 4287 intellexerit
1080 4216 1522 4309 investiganti
1553 4213 1838 4285 dubium
1867 4229 2124 4286 manet.
2166 4219 2581 4286 Rotundum
2616 4241 2765 4287 esse
2804 4225 2940 4288 ter-

434 4393 482 4439 1.
512 4388 640 4452 Cap.
668 4390 733 4439 22
757 4386 870 4453 (edo
891 4388 1218 4448 Mommsen,
1239 4401 1294 4450 p.
1333 4388 1455 4448 114).

426 4471 480 4519 2.
504 4466 671 4528 Beda„
690 4468 767 4518 De
786 4470 1074 4532 temporum
1100 4467 1329 4528 ratione,
1362 4480 1478 4532 cap.
1510 4469 1563 4516 31
1598 4466 1710 4530 (edo
1735 4466 1931 4531 Migne‚
1964 4481 2017 4531 p.
2057 4468 2191 4531 434).

428 4553 481 4598 3.
507 4547 666 4608 Ptin„
708 4549 845 4599 Hise.
901 4548 1047 4610 Nat„
1106 4547 1175 4609 ΙΙ,
1218 4550 1300 4598 75.
1339 4547 1416 4597 Cf.
1475 4547 1743 4608 Gosselin,
1779 4546 2106 4610 Ge'oqraphie
2130 4547 2219 4596 des
2252 4547 2407 4597 Grec-s
2462 4545 2734 4610 analyse‘e,
2767 4544 2937 4603 Paris,

547 4629 558 4639 .
606 4655 626 4666 ⁸
662 4639 685 4666 ο
777 4664 790 4678 ο
886 4665 898 4678 ο

368 4632 783 4773 ΠΞῨ,«111>1Γ39’1ΘΙ;
813 4630 1206 4760 ἷὲῑιιιιᾶίῐᾶῐθῑῑι
1240 4706 1390 4761 orbis
1422 4708 1583 4758 terrae
1606 4721 1811 4756 necesse
1838 4709 1939 4769 est,
1982 4709 2042 4757 ut
2067 4706 2197 4758 solis
2223 4706 2482 4758 circuitus
2514 4703 2782 4756 accedens
2815 4702 2943 4751 alibi

348 4789 513 4842 diem
542 4788 808 4851 exhibeat,
835 4788 968 4839 alibi
991 4787 1252 4839 recedens
1281 4789 1498 4838 noctem
1527 4787 1799 4851 relinquat
1824 4806 1849 4833 υ
1883 4786 2024 4850 (Am,
2048 4787 2137 4849 IV,
2170 4789 2283 4852 37).
