3609 5675
1776 543 2094 605 —21-

647 691 1094 784 geographus
1120 701 1381 774 noster,
1440 693 1583 762 nisi
1620 692 1833 785 quod,
1890 693 2064 762 sicut
2102 714 2343 762 omnes
2377 689 2596 784 ipsius
2635 689 2875 772 coaevi,
2931 688 3262 758 nimiam

646 805 853 876 fidem
931 807 1239 900 antiquis
1295 807 1747 902 scriptoribus
1816 807 2098 878 adhibet
2158 830 2418 900 eosque
2479 806 2653 877 falso
2703 806 3260 897 interpretatur.

738 921 1031 991 Plurimi
1080 930 1249 992 sunt
1293 934 1362 992 et
1404 924 1576 994 varii
1620 925 1926 995 maxime
1962 924 2240 1015 generis
2272 946 2310 992 e
2350 921 2604 1014 quibus
2646 919 2882 991 hausit
2913 919 3262 988 Adamas

647 1035 880 1128 scripti
924 1038 1172 1106 sontes,
1228 1039 1543 1121 Quorum
1569 1040 1881 1133 plerique
1921 1038 2008 1110 ad
2041 1060 2170 1109 nos
2200 1059 2596 1131 pervenere,
2632 1035 2908 1106 amissis
2931 1036 3249 1105 caeteris.

650 1155 844 1234 Quos
861 1153 1369 1224 studiosissime
1395 1166 1760 1238 memorat,
1780 1177 1938 1225 cum
1957 1165 2030 1224 ut
2047 1153 2398 1248 propriam
2420 1151 2881 1221 eruditionem
2895 1158 3246 1232 ostentet,

652 1276 801 1335 tum
832 1279 905 1336 ut
936 1292 1049 1337 res
1079 1291 1122 1339 a
1144 1293 1218 1339 se
1245 1271 1534 1363 scriptas
1562 1271 1804 1341 fulciat
1830 1280 1900 1340 et
1922 1271 2304 1340 confirmet.
2339 1270 2674 1337 Perverse
2700 1274 2934 1336 tamen
2967 1266 3248 1358 saepius

650 1404 772 1450 eos
811 1382 1000 1468 citat,
1044 1384 1387 1453 deficienti
1423 1386 1769 1455 interdum
1805 1385 2160 1454 memorias
2194 1384 2485 1453 nimium
2519 1384 2839 1452 confisus.
2884 1381 3244 1449 Auctores

656 1497 717 1565 si
754 1496 1036 1582 adieriS,
1069 1499 1278 1569 citata
1311 1501 1459 1570 loca
1488 1523 1629 1570 non
1654 1523 1927 1593 semper
1954 1499 2291 1569 iuvenies.

646 1681 653 1686 .
741 1613 996 1683 Adami
1052 1615 1273 1683 fontes
1330 1616 1673 1686 recensuit
1716 1615 2230 1708 Lappenberg¹‚
2279 1621 2372 1696 et,
2431 1623 2590 1704 post
2629 1613 3088 1694 Asmussen²‚
3139 1611 3243 1679 de

654 1728 757 1797 eis
794 1729 962 1798 satis
995 1731 1298 1822 perfecte
1329 1731 1683 1806 disseruit.
1725 1733 1918 1815 Quos
1955 1732 2030 1800 in
2093 1753 2280 1800 mere
2321 1729 2708 1811 historicos,
2752 1737 2822 1796 et
2850 1727 3238 1796 litterarius

658 1866 783 1913 seu
834 1845 1338 1935 geographicos
1392 1846 1761 1915 distribuit.
1807 1847 2024 1938 Cujus
2063 1844 2456 1936 partitionis
2511 1844 2855 1913 rationem
2892 1841 3240 1934 percipies

656 1958 716 2026 si
754 1959 1131 2029 attenderis
1166 1961 1514 2030 Adamum
1556 1983 1598 2030 a
1644 1960 1951 2031 classicis
1993 1969 2117 2029 aut
2163 1958 2775 2052 pseudo-classicis
2814 1979 2989 2049 quos
3031 1956 3242 2025 novit

655 2074 1054 2143 auctoribus
1088 2075 1458 2145 litterar-ias
1498 2099 1702 2146 voces
1742 2076 1995 2167 quibus
2035 2085 2318 2144 ornetur
2355 2074 2579 2144 oratio
2621 2072 2956 2165 accipere,
2992 2071 3240 2142 autad

658 2190 1023 2258 scientiam
1061 2201 1130 2259 et
1156 2192 1656 2283 geographiam
1696 2198 2082 2284 spectantes
2121 2191 2404 2260 notitias
2444 2190 2748 2262 mutuari
2801 2190 3048 2258 solere.
3087 2189 3233 2258 Ve-

657 2327 813 2376 rum
877 2307 1190 2395 ejusdem
1244 2307 1774 2390 distributionis,
1837 2317 2072 2399 utpote
2138 2330 2279 2375 non
2327 2306 2759 2388 necessariae,
2819 2304 3138 2374 nonnihil
3191 2327 3238 2372 a

659 2420 860 2488 nobis
892 2421 1245 2491 immutari
1278 2432 1528 2515 potest,
1568 2434 1638 2492 et
1678 2424 2010 2516 temporis
2043 2433 2310 2492 tantum
2354 2421 2592 2491 habita
2629 2421 2920 2507 ratione,
2974 2420 3233 2512 duplex

663 2535 955 2604 fontium
991 2538 1205 2606 series
1232 2538 1497 2607 institui
1532 2561 1550 2608 ι
1585 2539 1806 2631 prima
1836 2540 1963 2608 erit
1993 2548 2355 2608 auctorum
2378 2536 2499 2629 qui
2531 2535 2885 2606 abAdami
2921 2546 3233 2627 tempore

661 2651 748 2718 ad
812 2651 1041 2720 Caroli
1102 2653 1335 2742 Magni
1386 2663 1662 2722 aetatem
1713 2655 2164 2748 scripserunt;
2216 2652 2557 2745 posterior
2629 2674 2872 2720 eorum
2929 2652 3049 2742 qui
3103 2651 3234 2718 IX·

659 2767 894 2836 seculo
944 2766 1211 2858 priores
1272 2770 1568 2837 fuerunt.
1628 2770 1738 2837 Illi
1794 2779 2064 2839 tantum
2119 2768 2425 2839 ecclesiae
2471 2767 2863 2836 Bremensis
2925 2766 3234 2834 historiae

660 2882 987 2974 prodesse
1027 2895 1357 2976 possunt;
1402 2908 1553 2976 quae
1592 2893 1826 2955 autem
1863 2896 2018 2955 ante
2062 2886 2387 2955 Carolum
2415 2885 2748 2973 Magnum
2781 2890 2851 2952 et
2889 2883 3234 2952 invectam

659 2999 746 3068 ad
773 3000 1140 3090 Aquilonis
1167 3002 1457 3093 populos
1489 3001 1695 3070 fidem
1733 3002 1990 3092 scripta
2017 3009 2238 3083 erant,
2270 2999 2578 3068 maxima
2608 2999 3023 3068 auctoritate
3053 2998 3230 3090 apud

658 3115 1008 3183 Adamum
1035 3115 1376 3200 valebant,
1419 3117 1560 3185 sive
1587 3116 1819 3185 medio
1857 3140 2029 3201 aevo,
2075 3117 2221 3184 sive
2262 3112 2767 3204 antiquissimis
2807 3113 3231 3205 temporibus

662 3230 928 3320 prolata
967 3238 1184 3301 erant.
1223 3232 1369 3300 Nos
1409 3254 1593 3317 vero,
1647 3232 1928 3301 omissis
1978 3255 2168 3301 mere
2219 3229 2569 3300 historicis
2601 3229 2932 3312 fontibus,
2978 3251 3130 3320 quae
3163 3229 3232 3297 in

662 3352 951 3436 utraque
981 3346 1156 3414 serie
1182 3347 1434 3415 Adami
1462 3348 1906 3440 geographiae
1938 3347 2306 3439 quamdam
2332 3344 2704 3415 utilitatem
2734 3345 3045 3414 conferre
3070 3367 3232 3437 pos·

662 3469 822 3529 sunt
843 3460 1147 3529 indicare
1179 3462 1348 3530 satis
1387 3462 1818 3532 habebimus,

748 3576 805 3643 E
858 3577 1164 3644 fontibus
1222 3577 1372 3660 IX0,
1431 3579 1524 3644 X⁰
1577 3587 1644 3645 et
1703 3579 1830 3649 Xl⁰
1886 3580 2118 3647 seculo
2172 3578 2444 3668 scriptis
2487 3577 2836 3647 consuluit
2871 3577 3227 3646 Adamus³

662 3692 932 3761 chartas
974 3692 1047 3759 in
1090 3693 1362 3761 scriniis
1398 3694 1506 3761 vel
1541 3694 2003 3785 chirographa
2027 3694 2100 3762 in
2124 3694 2423 3763 archivis
2454 3693 2758 3763 ecclesiae
2799 3716 2969 3779 suae,
3010 3692 3222 3785 diplo-

660 3817 851 3877 mata
890 3819 957 3877 et
996 3807 1135 3877 alia
1182 3809 1599 3877 documenta
1637 3808 1721 3877 de
1764 3808 2057 3878 historia
2077 3809 2488 3901 juribusque
2524 3808 3012 3877 Bremensium
3041 3808 3218 3900 epis-

661 3947 991 4016 coporum
1013 3949 1029 4008 3
1049 3947 1203 4015 quae
1223 3923 1503 4015 quidem
1544 3925 1957 3993 documenta
1990 3947 2263 3993 summo
2291 3923 2520 3992 studio
2559 3923 2914 4015 requirere
2945 3933 3014 3993 et
3043 3947 3222 3992 scru-

661 4040 1100 4108 tarividetur.
1122 4040 1402 4108 Ceteros
1442 4061 1686 4107 omnes
1705 4039 2053 4107 consuluit
2072 4049 2387 4107 auctores
2401 4061 2575 4130 quos
2597 4038 2705 4106 vel
2731 4039 3124 4107 transitorie
3144 4038 3221 4106 de

604 4249 608 4252 ᾖ
664 4155 1321 4247 septentrionalibus
1353 4155 1552 4222 terris
1577 4154 1770 4222 novit
1804 4154 2183 4247 scripsisse.
2222 4154 2421 4237 Quod
2462 4177 2549 4222 ex
2586 4164 2983 4222 exterorum
3014 4176 3225 4247 popu-

660 4269 886 4338 lorum
911 4270 1276 4338 annalibus
1307 4270 1681 4361 excerpsit‘
1709 4291 1841 4337 -nos
1870 4270 2066 4338 docet
2096 4270 2259 4361 quid
2297 4270 2625 4353 intendat,
2658 4291 2796 4360 qua
2821 4269 2936 4337 via
2960 4269 3223 4337 studeat

728 4443 771 4486 l.
799 4438 1168 4502 Lappenberg‚
1194 4436 1405 4499 Archiv,
1425 4438 1511 4500 VI,
1536 4453 1590 4501 p.
1621 4440 1854 4489 ’ΠΟ-827.
1884 4438 2160 4499 Id.,editio
2184 4440 2243 4487 in
2268 4453 2420 4487 usum
2442 4436 2760 4498 scholarum,
2783 4437 3050 4502 praefatio,
3074 4452 3130 4502 p.
3152 4439 3220 4489 11-

664 4515 754 4566 IV.
792 4517 924 4568 Vide
951 4517 1113 4567 etiam
1141 4517 1508 4573 Giesebrecht.
1542 4517 1857 4568 Wendische
1882 4517 2241 4581 Geso-hiemen,
2269 4518 2361 4578 111,
2389 4532 2448 4581 p.
2486 4521 2602 4568 316.

678 4633 687 4639 .
725 4601 771 4646 2.
807 4598 1129 4659 Asinussen,
1160 4597 1541 4648 Commentatio
1569 4597 1635 4648 de
1657 4598 1899 4662 fontibus
1932 4597 2123 4649 Adami
2153 4598 2464 4661 Bremensis,
2496 4600 2668 4662 Kiliae,
2699 4602 2843 4651 1834.

680 4724 688 4731 .
725 4672 772 4729 3.
797 4678 1010 4739 Archiv,
1040 4692 1093 4742 p.
1132 4680 1225 4730 ’ΠΟ
1259 4692 1378 4742 sqq.

723 4760 769 4807 4.
802 4758 1016 4816 Archiv,
1043 4771 1097 4822 p.
1132 4760 1240 4809 ΤΠ.
